Binder Name,Binder Type,Name,Set code,Set name,Collector number,Foil,Rarity,Quantity,ManaBox ID,Scryfall ID,Purchase price,Misprint,Altered,Condition,Language,Purchase price currency,Added
Land Box,binder,Branch of Vitu-Ghazi,MKM,Murders at Karlov Manor,258,normal,uncommon,1,90969,73a8169f-b858-47a5-9c76-2e7c50ad4ecd,0.33,false,false,near_mint,en,USD,2024-02-16T06:44:16.825Z
Land Box,binder,Island,SNC,Streets of New Capenna,264,normal,common,3,67678,2ef2c956-cf03-462c-8981-ae80edfc0c5a,0.33,false,false,near_mint,en,USD,2024-02-16T06:44:16.825Z
Land Box,binder,Undercity Sewers,MKM,Murders at Karlov Manor,270,normal,rare,1,90747,2b5801fb-2026-4f25-98bc-ebb2f99684b9,0.45,false,false,near_mint,en,USD,2024-02-16T06:44:16.825Z
Land Box,binder,Forest,SNC,Streets of New Capenna,271,normal,common,3,67856,818442df-fb81-4f1c-bcf2-fbd6b05912ed,0.33,false,false,near_mint,en,USD,2024-02-16T06:44:16.825Z
Land Box,binder,Rugged Highlands,NEO,Kamigawa: Neon Dynasty,273,normal,common,1,66877,58d511be-60e0-4755-abec-18eebb530605,0.33,false,false,near_mint,en,USD,2024-02-16T06:44:16.825Z
Land Box,binder,Island,MKM,Murders at Karlov Manor,279,foil,common,1,90934,6908b583-4a52-4819-82a3-9db9c860aeb6,0.33,false,false,near_mint,en,USD,2024-02-16T06:44:16.825Z
Land Box,binder,Island,MKM,Murders at Karlov Manor,279,normal,common,1,90934,6908b583-4a52-4819-82a3-9db9c860aeb6,0.33,false,false,near_mint,en,USD,2024-02-16T06:44:16.825Z
Land Box,binder,Tranquil Cove,NEO,Kamigawa: Neon Dynasty,280,normal,common,4,66885,68f822b7-efc5-42c8-93ea-7dd17b4c3e7a,0.33,false,false,near_mint,en,USD,2024-02-16T06:44:16.825Z
Land Box,binder,Island,NEO,Kamigawa: Neon Dynasty,285,normal,common,4,66503,0f66d573-5da4-4b3c-ab06-bb330cff2c9a,0.33,false,false,near_mint,en,USD,2024-02-16T06:44:16.825Z
Land Box,binder,Forest,NEO,Kamigawa: Neon Dynasty,291,normal,common,4,66590,aea5c36b-c107-4daf-bedb-507b4cd64724,0.33,false,false,near_mint,en,USD,2024-02-16T06:44:16.825Z
Land Box,binder,Plains,MID,Innistrad: Midnight Hunt,380,normal,common,4,63226,46b94de4-099e-43d7-8f24-d5450b09f1f1,0.33,false,false,near_mint,en,USD,2024-02-16T06:44:16.825Z
Land Box,binder,Forest,MID,Innistrad: Midnight Hunt,384,normal,common,4,63490,ec8de02c-7954-4424-8b95-a21d8e104bd4,0.33,false,false,near_mint,en,USD,2024-02-16T06:44:16.825Z
Land Box,binder,Plains,VOW,Innistrad: Crimson Vow,398,normal,common,4,64124,20ddb0be-d62d-46fa-b753-36dfab935e8a,0.33,false,false,near_mint,en,USD,2024-02-16T06:44:16.825Z
Land Box,binder,Island,VOW,Innistrad: Crimson Vow,399,normal,common,4,64481,f82b281f-d3c7-4eb8-9a10-b4808ca6cfcd,0.33,false,false,near_mint,en,USD,2024-02-16T06:44:16.825Z
Land Box,binder,Swamp,MKM,Murders at Karlov Manor,281,normal,common,2,90961,70d0ef58-c0b3-4bcd-b470-0cf41219a4e6,0.33,false,false,near_mint,en,USD,2024-02-16T06:44:16.825Z
Land Box,binder,Forest,MID,Innistrad: Midnight Hunt,277,normal,common,1,63147,122b5548-5ff5-43e4-b799-75c709b1c32d,0.33,false,false,near_mint,en,USD,2024-02-17T20:39:28.821Z
Land Box,binder,Shipwreck Marsh,MID,Innistrad: Midnight Hunt,267,normal,rare,1,63308,7579824a-6e46-442b-95ff-03fea4adbba6,0.33,false,false,near_mint,en,USD,2024-02-17T20:39:28.821Z
Land Box,binder,Stormcarved Coast,VOW,Innistrad: Crimson Vow,284,foil,rare,1,64166,3e589848-2c25-43e8-a940-7769f7936815,0.33,false,false,near_mint,en,USD,2024-02-17T20:47:43.337Z
Land Box,binder,Hedge Maze,MKM,Murders at Karlov Manor,262,normal,rare,1,90865,5260f8ae-805b-4eae-badf-62de0f768867,0.33,false,false,near_mint,en,USD,2024-02-17T22:29:08.797Z
Land Box,binder,Mountain,MKM,Murders at Karlov Manor,284,foil,common,1,91214,cd8a0cd6-8d3b-44bd-b609-c12fb851d17b,0.33,false,false,near_mint,en,USD,2024-02-17T22:29:08.797Z
Land Box,binder,Island,MKM,Murders at Karlov Manor,273,foil,common,1,91340,fe5f01e9-f85f-41e8-9527-88f76e7bfc02,0.33,false,false,near_mint,en,USD,2024-02-17T22:29:08.797Z
Land Box,binder,Mountain,MKM,Murders at Karlov Manor,275,foil,common,1,90871,5383b66e-e559-47d2-9967-9c2d5f898653,0.33,false,false,near_mint,en,USD,2024-02-17T22:29:08.797Z
Land Box,binder,Island,MKM,Murders at Karlov Manor,279,foil,common,1,90934,6908b583-4a52-4819-82a3-9db9c860aeb6,0.33,false,false,near_mint,en,USD,2024-02-17T22:29:08.797Z
Land Box,binder,Island,MKM,Murders at Karlov Manor,280,foil,common,1,91250,df18762d-9980-4344-9d4f-e9d2cd8e0456,0.33,false,false,near_mint,en,USD,2024-02-17T22:29:08.797Z
Land Box,binder,Mountain,MKM,Murders at Karlov Manor,283,foil,common,1,91248,de754d20-5371-456b-9064-8f0687d2eab7,0.33,false,false,near_mint,en,USD,2024-02-17T22:29:08.797Z
Land Box,binder,Mountain,MKM,Murders at Karlov Manor,284,foil,common,1,91214,cd8a0cd6-8d3b-44bd-b609-c12fb851d17b,0.33,false,false,near_mint,en,USD,2024-02-17T22:29:08.797Z
Land Box,binder,Island,MKM,Murders at Karlov Manor,273,normal,common,1,91340,fe5f01e9-f85f-41e8-9527-88f76e7bfc02,0.33,false,false,near_mint,en,USD,2024-02-17T22:33:59.154Z
Land Box,binder,Island,MKM,Murders at Karlov Manor,279,normal,common,1,90934,6908b583-4a52-4819-82a3-9db9c860aeb6,0.33,false,false,near_mint,en,USD,2024-02-17T22:33:59.154Z
Land Box,binder,Island,MKM,Murders at Karlov Manor,280,normal,common,1,91250,df18762d-9980-4344-9d4f-e9d2cd8e0456,0.33,false,false,near_mint,en,USD,2024-02-17T22:33:59.154Z
Land Box,binder,Swamp,MKM,Murders at Karlov Manor,282,normal,common,1,91136,b1cbccfc-3585-4895-94d1-c3a67205e5fe,0.33,false,false,near_mint,en,USD,2024-02-17T22:33:59.154Z
Land Box,binder,Mountain,MKM,Murders at Karlov Manor,283,normal,common,2,91248,de754d20-5371-456b-9064-8f0687d2eab7,0.33,false,false,near_mint,en,USD,2024-02-17T22:33:59.154Z
Land Box,binder,Forest,MKM,Murders at Karlov Manor,285,normal,common,1,91211,cc485069-e081-4e83-bbad-d5faf7a5bd03,0.33,false,false,near_mint,en,USD,2024-02-17T22:33:59.154Z
Land Box,binder,Canopy Vista,MKC,Murders at Karlov Manor Commander,252,normal,rare,1,90496,b76f2de1-ea17-40b0-8d90-4c4369516eff,0.33,false,false,near_mint,en,USD,2024-02-17T23:00:42.172Z
Land Box,binder,Fortified Village,MKC,Murders at Karlov Manor Commander,262,normal,rare,1,90575,eb2e9534-2eda-4e41-8a87-181e5eb8c328,0.33,false,false,near_mint,en,USD,2024-02-17T23:00:42.172Z
Land Box,binder,Furycalm Snarl,MKC,Murders at Karlov Manor Commander,263,normal,rare,1,90508,bdb27a86-0fbd-4123-9c8e-630c855d5e9e,0.33,false,false,near_mint,en,USD,2024-02-17T23:00:42.172Z
Land Box,binder,Scattered Groves,MKC,Murders at Karlov Manor Commander,286,normal,rare,1,90364,5af79a38-d2e2-4479-ac6e-e34a0dd0bdea,0.33,false,false,near_mint,en,USD,2024-02-17T23:00:42.172Z
Land Box,binder,Shrine of the Forsaken Gods,MKC,Murders at Karlov Manor Commander,292,normal,rare,1,90338,4472d5fb-ca8f-43d0-a95d-5bd8bdb6a02d,0.33,false,false,near_mint,en,USD,2024-02-17T23:00:42.172Z
Land Box,binder,Sungrass Prairie,MKC,Murders at Karlov Manor Commander,297,normal,rare,1,90437,8af1bed5-fec8-4313-a946-eef9c73e2f87,0.33,false,false,near_mint,en,USD,2024-02-17T23:00:42.172Z
Land Box,binder,Temple of Plenty,MKC,Murders at Karlov Manor Commander,304,normal,rare,1,90319,36298771-c671-4307-b8b6-31e3ead75be2,0.33,false,false,near_mint,en,USD,2024-02-17T23:00:42.172Z
Land Box,binder,Temple of Triumph,MKC,Murders at Karlov Manor Commander,306,normal,rare,1,90595,fae394de-a46c-4659-b0c6-aaf9f2c8e190,0.33,false,false,near_mint,en,USD,2024-02-17T23:00:42.172Z
Land Box,binder,Boros Garrison,MKC,Murders at Karlov Manor Commander,251,normal,uncommon,1,90351,5148fe39-739f-4e9a-8c98-b7b983759138,0.33,false,false,near_mint,en,USD,2024-02-17T23:00:42.172Z
Land Box,binder,Jungle Shrine,MKC,Murders at Karlov Manor Commander,268,normal,uncommon,1,90271,15b90b1e-9a94-42d3-b601-c139f5119176,0.33,false,false,near_mint,en,USD,2024-02-17T23:00:42.172Z
Land Box,binder,Krosan Verge,MKC,Murders at Karlov Manor Commander,271,normal,uncommon,1,90416,79ca6f07-7a41-464e-814f-eeaae048d95d,0.33,false,false,near_mint,en,USD,2024-02-17T23:00:42.172Z
Land Box,binder,Selesnya Sanctuary,MKC,Murders at Karlov Manor Commander,290,normal,uncommon,1,90556,e0b2dc61-36b7-4491-8e12-288541f24b94,0.33,false,false,near_mint,en,USD,2024-02-17T23:00:42.172Z
Land Box,binder,Sacred Peaks,MKC,Murders at Karlov Manor Commander,285,normal,common,1,90333,4220431a-97a3-4957-8201-ce29559b8839,0.33,false,false,near_mint,en,USD,2024-02-17T23:00:42.172Z
Land Box,binder,Zoetic Cavern,MKC,Murders at Karlov Manor Commander,311,normal,uncommon,1,90320,37f10035-bf05-460d-9390-433caa2570f4,0.33,false,false,near_mint,en,USD,2024-02-17T23:00:42.172Z
Land Box,binder,Branch of Vitu-Ghazi,MKM,Murders at Karlov Manor,258,normal,uncommon,1,90969,73a8169f-b858-47a5-9c76-2e7c50ad4ecd,0.33,false,false,near_mint,en,USD,2024-02-17T23:00:42.172Z
Land Box,binder,Rugged Highlands,NEO,Kamigawa: Neon Dynasty,273,normal,common,1,66877,58d511be-60e0-4755-abec-18eebb530605,0.33,false,false,near_mint,en,USD,2024-02-16T06:44:16.825Z
Land Box,binder,Rugged Highlands,NEO,Kamigawa: Neon Dynasty,273,normal,common,1,66877,58d511be-60e0-4755-abec-18eebb530605,0.33,false,false,near_mint,en,USD,2024-02-16T06:44:16.825Z
Land Box,binder,Swamp,MKM,Murders at Karlov Manor,281,normal,common,1,90961,70d0ef58-c0b3-4bcd-b470-0cf41219a4e6,0.33,false,false,near_mint,en,USD,2024-02-17T22:33:59.154Z
Land Box,binder,Mountain,VOW,Innistrad: Crimson Vow,401,normal,common,1,64382,b86fbf78-57ec-4a0f-9fb6-e4bf13861563,0.33,false,false,near_mint,en,USD,2024-02-16T06:44:16.825Z
Land Box,binder,Prairie Stream,DMC,Dominaria United Commander,225,normal,rare,1,71857,f39392dd-a32e-4bbe-a9f9-e8cd281138fe,0.1,false,false,good,en,USD,2024-03-05T00:51:02.399Z
Land Box,binder,Immersturm Skullcairn,KHM,Kaldheim,263,normal,uncommon,3,56759,12ed97de-736d-43d8-977b-308ac54f88f4,0.1,false,false,good,en,USD,2024-03-05T00:51:02.399Z
Land Box,binder,Racers' Ring,SNC,Streets of New Capenna,253,normal,common,2,67661,2a11bdb2-a269-4038-85f3-69fbd02982e9,0.1,false,false,good,en,USD,2024-03-05T00:51:02.399Z
Land Box,binder,Hashep Oasis,HOU,Hour of Devastation,177,normal,uncommon,2,4498,3bba75d2-3f1b-4828-be11-2da695f7bde7,0.02,false,false,light_played,en,USD,2024-03-10T22:44:25.539Z
Land Box,binder,The Surgical Bay,ONE,Phyrexia: All Will Be One,260,normal,common,1,78431,1b49ec35-2c4f-4144-85fe-226f7cb67266,0.03,false,false,light_played,en,USD,2024-03-11T03:07:41.560Z
Land Box,binder,Cryptic Spires,2X2,Double Masters 2022,332,normal,common,2,70138,309a6684-ecb3-491c-899a-3aa15a51130b,0.03,false,false,light_played,en,USD,2024-03-11T03:07:41.560Z
Land Box,binder,Sundown Pass,VOW,Innistrad: Crimson Vow,266,normal,rare,1,64313,8f3fddd7-ede4-41c7-a645-a6af298a3d35,0.2,false,false,near_mint,en,USD,2024-03-12T02:57:11.776Z
Land Box,binder,Deathcap Glade,VOW,Innistrad: Crimson Vow,261,normal,rare,1,64425,d5523659-98a8-4ae2-9ec7-d77e7352c374,0.2,false,false,near_mint,en,USD,2024-03-12T02:57:11.776Z
Land Box,binder,Voldaren Estate,VOW,Innistrad: Crimson Vow,267,normal,rare,1,64130,2577e5fd-903a-44ce-989a-d53d56511ad3,0.2,false,false,near_mint,en,USD,2024-03-12T02:57:11.776Z
Land Box,binder,Swamp,VOW,Innistrad: Crimson Vow,272,normal,common,1,64195,4abfe418-15f8-46ce-9b39-fd5a38b25d12,0.2,false,false,near_mint,en,USD,2024-03-12T02:57:11.776Z
Land Box,binder,Swamp,VOW,Innistrad: Crimson Vow,273,normal,common,3,64147,2e55a405-bf5b-4158-ba9a-239627ac9701,0.2,false,false,near_mint,en,USD,2024-03-12T02:57:11.776Z
Land Box,binder,Mountain,VOW,Innistrad: Crimson Vow,274,normal,common,4,64302,8a4448b6-0dbe-427c-b145-8ac915fc0dfc,0.2,false,false,near_mint,en,USD,2024-03-12T02:57:11.776Z
Land Box,binder,Mountain,VOW,Innistrad: Crimson Vow,275,normal,common,4,64357,a6f72e53-52bb-4cf4-9b8b-34ed0c5f7c3c,0.2,false,false,near_mint,en,USD,2024-03-12T02:57:11.776Z
Land Box,binder,Island,VOW,Innistrad: Crimson Vow,270,normal,common,3,64220,54ddd3aa-593c-4adb-b591-33c15d02131c,0.2,false,false,near_mint,en,USD,2024-03-12T02:57:11.776Z
Land Box,binder,Plains,VOW,Innistrad: Crimson Vow,268,normal,common,3,64439,deabdaa1-6227-48e4-82d5-63a1771320b2,0.2,false,false,near_mint,en,USD,2024-03-12T02:57:11.776Z
Land Box,binder,Forest,VOW,Innistrad: Crimson Vow,276,normal,common,3,64445,e4c83b60-3d49-4fdc-a6b7-06d1a0c4a126,0.2,false,false,near_mint,en,USD,2024-03-12T02:57:11.776Z
Land Box,binder,Evolving Wilds,VOW,Innistrad: Crimson Vow,263,normal,common,3,64453,e80fe230-745d-42ae-a1f5-a8cc950783d0,0.2,false,false,near_mint,en,USD,2024-03-12T02:57:11.776Z
Land Box,binder,Forest,VOW,Innistrad: Crimson Vow,277,normal,common,4,64455,e8760175-e9bb-4ef9-87ca-591d1edd5163,0.2,false,false,near_mint,en,USD,2024-03-12T02:57:11.776Z
Land Box,binder,Island,VOW,Innistrad: Crimson Vow,271,normal,common,3,64217,54591ec7-94a1-470c-927a-788b6a514444,0.2,false,false,near_mint,en,USD,2024-03-12T02:57:11.776Z
Land Box,binder,Plains,VOW,Innistrad: Crimson Vow,269,normal,common,4,64141,2b069f97-735a-4d85-8504-b5a863bd659b,0.2,false,false,near_mint,en,USD,2024-03-12T02:57:11.776Z
Land Box,binder,Escape Tunnel,MKM,Murders at Karlov Manor,261,normal,common,1,91057,93ddde4f-d35e-4128-8f43-d0eadbd715de,0.2,false,false,near_mint,en,USD,2024-03-13T04:56:22.254Z
Land Box,binder,Public Thoroughfare,MKM,Murders at Karlov Manor,265,normal,common,1,90703,1f8b915f-3e82-4b05-b963-01ebff7a8f7b,0.2,false,false,near_mint,en,USD,2024-03-13T04:56:22.254Z
Land Box,binder,Forest,MKM,Murders at Karlov Manor,286,normal,common,1,90943,6cb8f264-cc26-476e-a3b7-53638dce7395,0.2,false,false,near_mint,en,USD,2024-03-13T04:56:22.254Z
Land Box,binder,Forest,MKM,Murders at Karlov Manor,276,normal,common,1,91009,8126b842-ea58-4988-8b3f-0394cf766b91,0.2,false,false,near_mint,en,USD,2024-03-13T04:56:22.254Z
Land Box,binder,Island,MKM,Murders at Karlov Manor,280,normal,common,1,91250,df18762d-9980-4344-9d4f-e9d2cd8e0456,0.2,false,false,near_mint,en,USD,2024-03-13T04:56:22.254Z
Land Box,binder,Swamp,MKM,Murders at Karlov Manor,282,normal,common,1,91136,b1cbccfc-3585-4895-94d1-c3a67205e5fe,0.2,false,false,near_mint,en,USD,2024-03-13T04:56:22.254Z
Land Box,binder,Island,OTJ,Outlaws of Thunder Junction,273,normal,common,1,91809,a624d656-207d-4e73-b615-59e7cf64ad64,0.35,false,false,near_mint,en,USD,2024-04-15T20:48:36.032Z
Land Box,binder,Mountain,OTJ,Outlaws of Thunder Junction,275,normal,common,1,91794,0a7dbfd2-cda7-4fc9-9677-e442fb5f5f6f,0.35,false,false,near_mint,en,USD,2024-04-15T20:48:36.032Z
Land Box,binder,Forest,OTJ,Outlaws of Thunder Junction,276,normal,common,1,91812,baf8a774-65f3-431e-b084-328ff1000895,0.35,false,false,near_mint,en,USD,2024-04-15T20:48:36.032Z
Land Box,binder,Island,OTJ,Outlaws of Thunder Junction,279,normal,common,1,93801,acd6be3f-745c-41ad-95c9-1db66ba56be2,0.35,false,false,near_mint,en,USD,2024-04-15T20:48:36.032Z
Land Box,binder,Island,OTJ,Outlaws of Thunder Junction,280,normal,common,1,93746,91be4db0-7cb3-4202-939b-cb7a26e90019,0.35,false,false,near_mint,en,USD,2024-04-15T20:48:36.032Z
Land Box,binder,Mountain,OTJ,Outlaws of Thunder Junction,283,normal,common,1,93745,9137b4aa-2289-4a4d-b1f5-ae75a0928278,0.35,false,false,near_mint,en,USD,2024-04-15T20:48:36.032Z
Land Box,binder,Mountain,OTJ,Outlaws of Thunder Junction,284,normal,common,1,93529,2237ee9b-fff6-472c-903c-11faf9bb116d,0.35,false,false,near_mint,en,USD,2024-04-15T20:48:36.032Z
Land Box,binder,Forest,OTJ,Outlaws of Thunder Junction,285,normal,common,1,93890,dc20a07e-5f92-49c2-9c97-d5eda536d3f6,0.35,false,false,near_mint,en,USD,2024-04-15T20:48:36.032Z
Land Box,binder,Island,OTJ,Outlaws of Thunder Junction,273,foil,common,1,91809,a624d656-207d-4e73-b615-59e7cf64ad64,0.35,false,false,near_mint,en,USD,2024-04-15T20:48:36.032Z
Land Box,binder,Mountain,OTJ,Outlaws of Thunder Junction,275,foil,common,1,91794,0a7dbfd2-cda7-4fc9-9677-e442fb5f5f6f,0.35,false,false,near_mint,en,USD,2024-04-15T20:48:36.032Z
Land Box,binder,Forest,OTJ,Outlaws of Thunder Junction,276,foil,common,1,91812,baf8a774-65f3-431e-b084-328ff1000895,0.35,false,false,near_mint,en,USD,2024-04-15T20:48:36.032Z
Land Box,binder,Island,OTJ,Outlaws of Thunder Junction,279,foil,common,1,93801,acd6be3f-745c-41ad-95c9-1db66ba56be2,0.35,false,false,near_mint,en,USD,2024-04-15T20:48:36.032Z
Land Box,binder,Island,OTJ,Outlaws of Thunder Junction,280,foil,common,1,93746,91be4db0-7cb3-4202-939b-cb7a26e90019,0.35,false,false,near_mint,en,USD,2024-04-15T20:48:36.032Z
Land Box,binder,Mountain,OTJ,Outlaws of Thunder Junction,283,foil,common,1,93745,9137b4aa-2289-4a4d-b1f5-ae75a0928278,0.35,false,false,near_mint,en,USD,2024-04-15T20:48:36.032Z
Land Box,binder,Mountain,OTJ,Outlaws of Thunder Junction,284,foil,common,1,93529,2237ee9b-fff6-472c-903c-11faf9bb116d,0.35,false,false,near_mint,en,USD,2024-04-15T20:48:36.032Z
Land Box,binder,Forest,OTJ,Outlaws of Thunder Junction,285,foil,common,1,93890,dc20a07e-5f92-49c2-9c97-d5eda536d3f6,0.35,false,false,near_mint,en,USD,2024-04-15T20:48:36.032Z
Land Box,binder,Forest,OTJ,Outlaws of Thunder Junction,286,foil,common,1,93742,8e9ac507-7c8f-431f-8d1a-220ceeacf871,0.35,false,false,near_mint,en,USD,2024-04-15T20:48:36.032Z
Land Box,binder,Festering Gulch,OTJ,Outlaws of Thunder Junction,257,normal,common,1,93148,4ad841eb-da0d-43d4-8b60-efe30922990b,0.35,false,false,near_mint,en,USD,2024-04-15T20:48:36.032Z
Land Box,binder,Jagged Barrens,OTJ,Outlaws of Thunder Junction,259,normal,common,1,93178,5d809f5b-d965-4cb1-a9f8-2048f8534373,0.35,false,false,near_mint,en,USD,2024-04-15T20:48:36.032Z
Land Box,binder,Botanical Sanctum,OTJ,Outlaws of Thunder Junction,267,normal,rare,1,93348,cc18d5f4-a56a-4f7d-9f56-ccc92cbfb7f7,0.35,false,false,near_mint,en,USD,2024-04-15T20:48:36.032Z
Land Box,binder,Festering Gulch,OTJ,Outlaws of Thunder Junction,257,foil,common,1,93148,4ad841eb-da0d-43d4-8b60-efe30922990b,0.35,false,false,near_mint,en,USD,2024-04-15T20:48:36.032Z
Land Box,binder,Abraded Bluffs,OTJ,Outlaws of Thunder Junction,251,normal,common,1,93074,19e96521-b4ce-4a36-a887-200e05ccc804,0.35,false,false,near_mint,en,USD,2024-04-15T20:48:36.032Z
Land Box,binder,Bucolic Ranch,OTJ,Outlaws of Thunder Junction,265,normal,uncommon,2,93202,6c4f6b81-53d0-49fb-b404-c2ad67de7493,0.35,false,false,near_mint,en,USD,2024-04-15T20:48:36.032Z
Land Box,binder,Forest,OTJ,Outlaws of Thunder Junction,286,normal,common,2,93742,8e9ac507-7c8f-431f-8d1a-220ceeacf871,0.35,false,false,near_mint,en,USD,2024-04-15T20:48:36.032Z
Land Box,binder,Swamp,OTJ,Outlaws of Thunder Junction,282,normal,common,2,93653,5c2c9dc0-7f3a-4f3a-ba08-5c2f87e252bc,0.35,false,false,near_mint,en,USD,2024-04-15T20:48:36.032Z
Land Box,binder,Plains,OTJ,Outlaws of Thunder Junction,278,normal,common,2,93955,fe60da77-084c-49e8-9948-9ac4b6a6382f,0.35,false,false,near_mint,en,USD,2024-04-15T20:48:36.032Z
Land Box,binder,Conduit Pylons,OTJ,Outlaws of Thunder Junction,254,normal,common,1,93183,5ffa48cc-b991-4d47-b7ec-cf678915c758,0.42,false,false,near_mint,en,USD,2024-04-19T04:30:36.404Z
Land Box,binder,Forest,OTJ,Outlaws of Thunder Junction,285,foil,common,1,93890,dc20a07e-5f92-49c2-9c97-d5eda536d3f6,0.42,false,false,near_mint,en,USD,2024-04-19T04:30:36.404Z
Land Box,binder,Forest,OTJ,Outlaws of Thunder Junction,286,normal,common,2,93742,8e9ac507-7c8f-431f-8d1a-220ceeacf871,0.42,false,false,near_mint,en,USD,2024-04-19T04:30:36.404Z
Land Box,binder,Spirebluff Canal,OTJ,Outlaws of Thunder Junction,304,normal,rare,1,93282,9d83bdb3-1f04-4b99-a36b-312da0cbed50,0.42,false,false,near_mint,en,USD,2024-04-19T04:30:36.404Z
Land Box,binder,Mountain,OTJ,Outlaws of Thunder Junction,275,normal,common,1,91794,0a7dbfd2-cda7-4fc9-9677-e442fb5f5f6f,0.42,false,false,near_mint,en,USD,2024-04-19T04:30:36.404Z
Land Box,binder,Jagged Barrens,OTJ,Outlaws of Thunder Junction,259,normal,common,1,93178,5d809f5b-d965-4cb1-a9f8-2048f8534373,0.42,false,false,near_mint,en,USD,2024-04-19T04:30:36.404Z
Land Box,binder,Lonely Arroyo,OTJ,Outlaws of Thunder Junction,260,normal,common,1,93150,4b778b63-e5fc-4d63-a93b-4372f32cade2,0.42,false,false,near_mint,en,USD,2024-04-19T04:30:36.404Z
Land Box,binder,Island,OTJ,Outlaws of Thunder Junction,279,normal,common,1,93801,acd6be3f-745c-41ad-95c9-1db66ba56be2,0.42,false,false,near_mint,en,USD,2024-04-19T04:30:36.404Z
Land Box,binder,Creosote Heath,OTJ,Outlaws of Thunder Junction,255,normal,common,2,93339,c5523dac-7aa0-4486-89c8-3b22a1411f26,0.42,false,false,near_mint,en,USD,2024-04-19T04:30:36.404Z
Land Box,binder,Bucolic Ranch,OTJ,Outlaws of Thunder Junction,265,normal,uncommon,2,93202,6c4f6b81-53d0-49fb-b404-c2ad67de7493,0.42,false,false,near_mint,en,USD,2024-04-19T04:30:36.404Z
Land Box,binder,Swamp,OTJ,Outlaws of Thunder Junction,282,normal,common,2,93653,5c2c9dc0-7f3a-4f3a-ba08-5c2f87e252bc,0.42,false,false,near_mint,en,USD,2024-04-19T04:30:36.404Z
Land Box,binder,Command Tower,MOC,March of the Machine Commander,396,normal,common,2,81814,91b73884-6850-479d-8531-e17c8531a245,5.34,false,false,near_mint,en,USD,2024-04-20T23:59:05.233Z
Land Box,binder,Island,VOW,Innistrad: Crimson Vow,271,foil,common,1,64217,54591ec7-94a1-470c-927a-788b6a514444,0.38,false,false,near_mint,en,USD,2024-04-22T21:55:03.940Z
Land Box,binder,Forest,OTJ,Outlaws of Thunder Junction,276,foil,common,1,91812,baf8a774-65f3-431e-b084-328ff1000895,0.38,false,false,near_mint,en,USD,2024-04-22T21:55:03.940Z
Land Box,binder,Mountain,OTJ,Outlaws of Thunder Junction,284,foil,common,1,93529,2237ee9b-fff6-472c-903c-11faf9bb116d,0.38,false,false,near_mint,en,USD,2024-04-22T21:55:03.940Z
Land Box,binder,Forest,OTJ,Outlaws of Thunder Junction,286,normal,common,1,93742,8e9ac507-7c8f-431f-8d1a-220ceeacf871,0.38,false,false,near_mint,en,USD,2024-04-22T21:55:03.940Z
Land Box,binder,Spirebluff Canal,OTJ,Outlaws of Thunder Junction,304,normal,rare,1,93282,9d83bdb3-1f04-4b99-a36b-312da0cbed50,0.38,false,false,near_mint,en,USD,2024-04-22T21:55:03.940Z
Land Box,binder,Eroded Canyon,OTJ,Outlaws of Thunder Junction,256,normal,common,1,93177,5c9d080f-28d7-41d6-a4e0-5b3e3a5ed770,0.38,false,false,near_mint,en,USD,2024-04-22T21:55:03.940Z
Land Box,binder,Lush Oasis,OTJ,Outlaws of Thunder Junction,261,normal,common,1,93276,988e44c5-4632-4ebb-b6ae-c3886e49d637,0.38,false,false,near_mint,en,USD,2024-04-22T21:55:03.940Z
Land Box,binder,Lonely Arroyo,OTJ,Outlaws of Thunder Junction,260,normal,common,1,93150,4b778b63-e5fc-4d63-a93b-4372f32cade2,0.38,false,false,near_mint,en,USD,2024-04-22T21:55:03.940Z
Land Box,binder,Spirebluff Canal,OTJ,Outlaws of Thunder Junction,270,normal,rare,1,93174,59a04e16-a767-4112-ab01-6ca1b09c286c,0.38,false,false,near_mint,en,USD,2024-04-22T21:55:03.940Z
Land Box,binder,Swamp,OTJ,Outlaws of Thunder Junction,282,normal,common,1,93653,5c2c9dc0-7f3a-4f3a-ba08-5c2f87e252bc,0.38,false,false,near_mint,en,USD,2024-04-22T21:55:03.940Z
Land Box,binder,Island,VOW,Innistrad: Crimson Vow,271,normal,common,1,64217,54591ec7-94a1-470c-927a-788b6a514444,0.38,false,false,near_mint,en,USD,2024-04-22T21:55:03.940Z
Land Box,binder,Plains,VOW,Innistrad: Crimson Vow,268,normal,common,1,64439,deabdaa1-6227-48e4-82d5-63a1771320b2,0.38,false,false,near_mint,en,USD,2024-04-22T21:55:03.940Z
Land Box,binder,Plains,VOW,Innistrad: Crimson Vow,269,normal,common,1,64141,2b069f97-735a-4d85-8504-b5a863bd659b,0.38,false,false,near_mint,en,USD,2024-04-22T21:55:03.940Z
Land Box,binder,Forest,VOW,Innistrad: Crimson Vow,276,normal,common,2,64445,e4c83b60-3d49-4fdc-a6b7-06d1a0c4a126,0.38,false,false,near_mint,en,USD,2024-04-22T21:55:03.940Z
Land Box,binder,Forest,VOW,Innistrad: Crimson Vow,402,normal,common,4,64279,7ae6380e-b1b6-4a5a-a8d9-7cdf8eab3557,0.38,false,false,near_mint,en,USD,2024-04-22T21:55:03.940Z
Land Box,binder,Forest,VOW,Innistrad: Crimson Vow,402,foil,common,4,64279,7ae6380e-b1b6-4a5a-a8d9-7cdf8eab3557,0.38,false,false,near_mint,en,USD,2024-04-22T21:55:03.940Z
Land Box,binder,Plains,VOW,Innistrad: Crimson Vow,398,foil,common,4,64124,20ddb0be-d62d-46fa-b753-36dfab935e8a,0.38,false,false,near_mint,en,USD,2024-04-22T21:55:03.940Z
Land Box,binder,Mountain,VOW,Innistrad: Crimson Vow,274,normal,common,2,64302,8a4448b6-0dbe-427c-b145-8ac915fc0dfc,0.38,false,false,near_mint,en,USD,2024-04-22T21:55:03.940Z
Land Box,binder,Island,VOW,Innistrad: Crimson Vow,399,foil,common,4,64481,f82b281f-d3c7-4eb8-9a10-b4808ca6cfcd,0.38,false,false,near_mint,en,USD,2024-04-22T21:55:03.940Z
Land Box,binder,Plains,VOW,Innistrad: Crimson Vow,398,normal,common,4,64124,20ddb0be-d62d-46fa-b753-36dfab935e8a,0.38,false,false,near_mint,en,USD,2024-04-22T21:55:03.940Z
Land Box,binder,Swamp,VOW,Innistrad: Crimson Vow,400,normal,common,4,64390,be87de91-aa10-4ed8-83a2-261b4f57e7db,0.38,false,false,near_mint,en,USD,2024-04-22T21:55:03.940Z
Land Box,binder,Island,VOW,Innistrad: Crimson Vow,399,normal,common,4,64481,f82b281f-d3c7-4eb8-9a10-b4808ca6cfcd,0.38,false,false,near_mint,en,USD,2024-04-22T21:55:03.940Z
Land Box,binder,Mountain,VOW,Innistrad: Crimson Vow,401,foil,common,4,64382,b86fbf78-57ec-4a0f-9fb6-e4bf13861563,0.38,false,false,near_mint,en,USD,2024-04-22T21:55:03.940Z
Land Box,binder,Mountain,VOW,Innistrad: Crimson Vow,401,normal,common,4,64382,b86fbf78-57ec-4a0f-9fb6-e4bf13861563,0.38,false,false,near_mint,en,USD,2024-04-22T21:55:03.940Z
Land Box,binder,Festering Gulch,OTJ,Outlaws of Thunder Junction,257,normal,common,1,93148,4ad841eb-da0d-43d4-8b60-efe30922990b,0.0,false,false,near_mint,en,USD,2024-04-28T18:22:42.508Z
All Vamp No Ramp,deck,Escape Tunnel,MKM,Murders at Karlov Manor,261,normal,common,1,91057,93ddde4f-d35e-4128-8f43-d0eadbd715de,0.33,false,false,near_mint,en,USD,2024-02-16T06:44:16.825Z
All Vamp No Ramp,deck,Mountain,NEO,Kamigawa: Neon Dynasty,289,normal,common,4,66513,2fe601b0-0398-47f0-9e4f-9f841ad79b9b,0.33,false,false,near_mint,en,USD,2024-02-16T06:44:16.825Z
All Vamp No Ramp,deck,Swamp,MID,Innistrad: Midnight Hunt,273,normal,common,1,63205,38fef662-993c-4522-8b3f-7c1d3bb1d946,0.33,false,false,near_mint,en,USD,2024-02-17T20:36:36.633Z
All Vamp No Ramp,deck,Swamp,VOW,Innistrad: Crimson Vow,272,normal,common,1,64195,4abfe418-15f8-46ce-9b39-fd5a38b25d12,0.33,false,false,near_mint,en,USD,2024-02-17T20:43:43.320Z
All Vamp No Ramp,deck,Bloodtithe Harvester,VOW,Innistrad: Crimson Vow,232,normal,uncommon,1,64463,f0192cf7-3391-4720-b9c8-72dec5dde01e,0.33,false,false,near_mint,en,USD,2024-02-17T20:43:43.320Z
All Vamp No Ramp,deck,Mountain,VOW,Innistrad: Crimson Vow,274,normal,common,1,64302,8a4448b6-0dbe-427c-b145-8ac915fc0dfc,0.33,false,false,near_mint,en,USD,2024-02-17T20:46:23.992Z
All Vamp No Ramp,deck,"Olivia, Crimson Bride",VOW,Innistrad: Crimson Vow,245,normal,mythic,1,64149,301dacc9-ef92-4515-b907-a70d6c3fd73e,0.33,false,false,near_mint,en,USD,2024-02-17T20:46:23.992Z
All Vamp No Ramp,deck,"Strefan, Maurer Progenitor",VOC,Crimson Vow Commander,2,foil,mythic,1,64314,8f54c6ce-fde4-47ef-a106-5c68b4397f99,0.33,false,false,near_mint,en,USD,2024-02-17T21:08:53.831Z
All Vamp No Ramp,deck,"Timothar, Baron of Bats",VOC,Crimson Vow Commander,4,foil,mythic,1,64599,a148447f-e3bd-4a49-a802-4d489f3c50d9,0.33,false,false,near_mint,en,USD,2024-02-17T21:08:53.831Z
All Vamp No Ramp,deck,Blood Artist,VOC,Crimson Vow Commander,119,normal,uncommon,1,64665,fe97a73f-33fd-4394-a393-ceb41a214820,0.33,false,false,near_mint,en,USD,2024-02-17T21:08:53.831Z
All Vamp No Ramp,deck,Bloodline Necromancer,VOC,Crimson Vow Commander,120,normal,uncommon,1,64662,f960d341-3b41-4b2d-a417-85a9b4cd8e4d,0.33,false,false,near_mint,en,USD,2024-02-17T21:08:53.831Z
All Vamp No Ramp,deck,Falkenrath Noble,VOC,Crimson Vow Commander,128,normal,uncommon,1,64579,89420882-5833-46f0-9a3f-3c8e694074df,0.33,false,false,near_mint,en,USD,2024-02-17T21:08:53.831Z
All Vamp No Ramp,deck,Feed the Swarm,VOC,Crimson Vow Commander,129,normal,common,1,64550,5f782dca-4e1b-4b02-81c7-9df633053e78,0.33,false,false,near_mint,en,USD,2024-02-17T21:08:53.831Z
All Vamp No Ramp,deck,Indulgent Aristocrat,VOC,Crimson Vow Commander,130,normal,uncommon,1,64519,37f6200d-caaf-49ca-b021-48186e404ace,0.33,false,false,near_mint,en,USD,2024-02-17T21:08:53.831Z
All Vamp No Ramp,deck,Night's Whisper,VOC,Crimson Vow Commander,133,normal,common,1,64544,58a47e66-b979-47cd-9a31-3fa3b4b059ac,0.33,false,false,near_mint,en,USD,2024-02-17T21:08:53.831Z
All Vamp No Ramp,deck,Urge to Feed,VOC,Crimson Vow Commander,139,normal,uncommon,1,64492,041606a6-d20b-4241-ae5a-2dd004c47487,0.33,false,false,near_mint,en,USD,2024-02-17T21:08:53.831Z
All Vamp No Ramp,deck,Rakish Heir,VOC,Crimson Vow Commander,149,normal,uncommon,1,64495,0da15652-8207-4be1-b821-3fb3dad66e37,0.33,false,false,near_mint,en,USD,2024-02-17T21:08:53.831Z
All Vamp No Ramp,deck,Vandalblast,VOC,Crimson Vow Commander,152,normal,uncommon,1,64537,4ce9072b-58e9-422a-9331-31886c111cfa,0.33,false,false,near_mint,en,USD,2024-02-17T21:08:53.831Z
All Vamp No Ramp,deck,Stromkirk Captain,VOC,Crimson Vow Commander,157,normal,uncommon,1,64513,2f053406-d2e4-4443-81f1-025e3b27c65a,0.33,false,false,near_mint,en,USD,2024-02-17T21:08:53.831Z
All Vamp No Ramp,deck,Charcoal Diamond,VOC,Crimson Vow Commander,162,normal,common,1,64502,1a48d5fe-acad-47af-8fd8-e8a893d90a92,0.33,false,false,near_mint,en,USD,2024-02-17T21:08:53.831Z
All Vamp No Ramp,deck,Commander's Sphere,VOC,Crimson Vow Commander,163,normal,common,1,64541,55ac2ca9-b6cf-453a-9d8b-8b7be5695f1e,0.33,false,false,near_mint,en,USD,2024-02-17T21:08:53.831Z
All Vamp No Ramp,deck,Fire Diamond,VOC,Crimson Vow Commander,164,normal,common,1,64549,5df5e4e9-b52a-454f-b28d-c12430a952bd,0.33,false,false,near_mint,en,USD,2024-02-17T21:08:53.831Z
All Vamp No Ramp,deck,Rakdos Signet,VOC,Crimson Vow Commander,166,normal,uncommon,1,64571,7a2af4c1-9546-4760-8aac-315b61127304,0.33,false,false,near_mint,en,USD,2024-02-17T21:08:53.831Z
All Vamp No Ramp,deck,Sol Ring,VOC,Crimson Vow Commander,168,normal,uncommon,1,64632,ca57eebe-5bc9-4cff-ae91-ccd509aa36ce,0.33,false,false,near_mint,en,USD,2024-02-17T21:08:53.831Z
All Vamp No Ramp,deck,Unstable Obelisk,VOC,Crimson Vow Commander,170,normal,uncommon,1,64597,9b856bf3-6328-435d-ad31-c976245aff8a,0.33,false,false,near_mint,en,USD,2024-02-17T21:08:53.831Z
All Vamp No Ramp,deck,Myriad Landscape,VOC,Crimson Vow Commander,176,normal,uncommon,1,64578,87459013-c5b6-40b7-bcb7-c508c3ee36ee,0.33,false,false,near_mint,en,USD,2024-02-17T21:08:53.831Z
All Vamp No Ramp,deck,Path of Ancestry,VOC,Crimson Vow Commander,177,normal,common,1,64590,92031493-b21f-4029-a01b-0a5c1ddb4776,0.33,false,false,near_mint,en,USD,2024-02-17T21:08:53.831Z
All Vamp No Ramp,deck,Rakdos Carnarium,VOC,Crimson Vow Commander,180,normal,common,1,64520,385e7ce2-0484-4763-949a-10082cd60e46,0.33,false,false,near_mint,en,USD,2024-02-17T21:08:53.831Z
All Vamp No Ramp,deck,Tainted Peak,VOC,Crimson Vow Commander,184,normal,uncommon,1,64634,d05068d7-6290-439f-91d4-e820ad1483dd,0.33,false,false,near_mint,en,USD,2024-02-17T21:08:53.831Z
All Vamp No Ramp,deck,Crossway Troublemakers,VOC,Crimson Vow Commander,17,normal,rare,1,64527,431711c5-c04f-4d34-97c9-5199cfbf9da9,0.33,false,false,near_mint,en,USD,2024-02-17T21:08:53.831Z
All Vamp No Ramp,deck,Glass-Cast Heart,VOC,Crimson Vow Commander,18,normal,rare,1,64653,e649110b-9ede-47d8-9fe4-9ef0dd17b19d,0.33,false,false,near_mint,en,USD,2024-02-17T21:08:53.831Z
All Vamp No Ramp,deck,Olivia's Wrath,VOC,Crimson Vow Commander,20,normal,rare,1,64594,98893cc1-f502-4ca6-b6c1-e09fa1f4ef7a,0.33,false,false,near_mint,en,USD,2024-02-17T21:08:53.831Z
All Vamp No Ramp,deck,Predators' Hour,VOC,Crimson Vow Commander,21,normal,rare,1,64648,dea6d749-d2a9-43f0-8ab4-ff83ba294564,0.33,false,false,near_mint,en,USD,2024-02-17T21:08:53.831Z
All Vamp No Ramp,deck,Shadowgrange Archfiend,VOC,Crimson Vow Commander,22,normal,rare,1,64647,de4e445f-4d54-44a8-a5f5-ef02b3d57251,0.33,false,false,near_mint,en,USD,2024-02-17T21:08:53.831Z
All Vamp No Ramp,deck,Midnight Arsonist,VOC,Crimson Vow Commander,27,normal,rare,1,64538,4d322638-9775-42f4-b75e-d2e1a08bd75d,0.33,false,false,near_mint,en,USD,2024-02-17T21:08:53.831Z
All Vamp No Ramp,deck,Sinister Waltz,VOC,Crimson Vow Commander,30,normal,rare,1,64652,e44f81b2-768f-4874-99e3-2f87b73b0159,0.33,false,false,near_mint,en,USD,2024-02-17T21:08:53.831Z
All Vamp No Ramp,deck,"Anowon, the Ruin Sage",VOC,Crimson Vow Commander,118,normal,rare,1,64621,b8630ae1-8fe9-4d6e-899b-a28d86d4d729,0.33,false,false,near_mint,en,USD,2024-02-17T21:08:53.831Z
All Vamp No Ramp,deck,Bloodtracker,VOC,Crimson Vow Commander,122,normal,rare,1,64656,f27d34c1-2d78-48b4-baa2-51be778e8b3d,0.33,false,false,near_mint,en,USD,2024-02-17T21:08:53.831Z
All Vamp No Ramp,deck,Butcher of Malakir,VOC,Crimson Vow Commander,123,normal,rare,1,64517,3140d5af-41e9-4009-9412-294ab71856ac,0.33,false,false,near_mint,en,USD,2024-02-17T21:08:53.831Z
All Vamp No Ramp,deck,Champion of Dusk,VOC,Crimson Vow Commander,124,normal,rare,1,64508,24961417-0a22-4eb3-8b90-e26cd2b738ba,0.33,false,false,near_mint,en,USD,2024-02-17T21:08:53.831Z
All Vamp No Ramp,deck,Cordial Vampire,VOC,Crimson Vow Commander,125,normal,rare,1,64584,8c84150f-e2bf-42a2-b2f7-2b6004b29fa4,0.33,false,false,near_mint,en,USD,2024-02-17T21:08:53.831Z
All Vamp No Ramp,deck,Dark Impostor,VOC,Crimson Vow Commander,127,normal,rare,1,64623,bd9384c2-1b55-4da3-91f1-db3d65e98a85,0.33,false,false,near_mint,en,USD,2024-02-17T21:08:53.831Z
All Vamp No Ramp,deck,Malakir Bloodwitch,VOC,Crimson Vow Commander,131,normal,rare,1,64622,b91ceead-5071-43e8-bf90-f379d683acdf,0.33,false,false,near_mint,en,USD,2024-02-17T21:08:53.831Z
All Vamp No Ramp,deck,Nirkana Revenant,VOC,Crimson Vow Commander,134,normal,mythic,1,64593,96da0a4c-2865-4383-875a-9f5d6503baee,0.33,false,false,near_mint,en,USD,2024-02-17T21:08:53.831Z
All Vamp No Ramp,deck,Patron of the Vein,VOC,Crimson Vow Commander,135,normal,rare,1,64494,0a403dbd-c127-4e3f-892f-f0950d92228a,0.33,false,false,near_mint,en,USD,2024-02-17T21:08:53.831Z
All Vamp No Ramp,deck,Sanctum Seeker,VOC,Crimson Vow Commander,136,normal,rare,1,64511,28da9211-13f4-4500-98f9-58c260c01e18,0.33,false,false,near_mint,en,USD,2024-02-17T21:08:53.831Z
All Vamp No Ramp,deck,Stromkirk Condemned,VOC,Crimson Vow Commander,137,normal,rare,1,64617,b0e0cecb-4f14-438e-a9d0-c6b19a4126c5,0.33,false,false,near_mint,en,USD,2024-02-17T21:08:53.831Z
All Vamp No Ramp,deck,Avacyn's Judgment,VOC,Crimson Vow Commander,142,normal,rare,1,64509,2642eb44-becf-4e99-934f-7241fcc32dee,0.33,false,false,near_mint,en,USD,2024-02-17T21:08:53.831Z
All Vamp No Ramp,deck,Blasphemous Act,VOC,Crimson Vow Commander,143,normal,rare,1,64552,65254343-8b47-49b9-8834-b71bd11f4ab7,0.33,false,false,near_mint,en,USD,2024-02-17T21:08:53.831Z
All Vamp No Ramp,deck,Bloodsworn Steward,VOC,Crimson Vow Commander,144,normal,rare,1,64525,4023f86a-91af-439b-b591-8bb621255eee,0.33,false,false,near_mint,en,USD,2024-02-17T21:08:53.831Z
All Vamp No Ramp,deck,Falkenrath Gorger,VOC,Crimson Vow Commander,146,normal,rare,1,64560,6d653a1d-d355-464e-82aa-92028296b7ef,0.33,false,false,near_mint,en,USD,2024-02-17T21:08:53.831Z
All Vamp No Ramp,deck,Mob Rule,VOC,Crimson Vow Commander,147,normal,rare,1,64582,8b04c928-9ee5-4e39-962e-4686e25b5c33,0.33,false,false,near_mint,en,USD,2024-02-17T21:08:53.831Z
All Vamp No Ramp,deck,Stromkirk Occultist,VOC,Crimson Vow Commander,151,normal,rare,1,64580,8a631816-f5c0-4608-9078-0486a0bf6a49,0.33,false,false,near_mint,en,USD,2024-02-17T21:08:53.831Z
All Vamp No Ramp,deck,Vampiric Dragon,VOC,Crimson Vow Commander,158,normal,rare,1,64559,6bf8eff8-6b39-4e5e-b8a9-1da53e837809,0.33,false,false,near_mint,en,USD,2024-02-17T21:08:53.831Z
All Vamp No Ramp,deck,Foreboding Ruins,VOC,Crimson Vow Commander,174,normal,rare,1,64609,a94ac59a-4348-45e9-b158-039fb4bf6867,0.33,false,false,near_mint,en,USD,2024-02-17T21:08:53.831Z
All Vamp No Ramp,deck,Shadowblood Ridge,VOC,Crimson Vow Commander,181,normal,rare,1,64567,7480c855-f8db-4c15-8abf-6bb2f1dd834c,0.33,false,false,near_mint,en,USD,2024-02-17T21:08:53.831Z
All Vamp No Ramp,deck,Smoldering Marsh,VOC,Crimson Vow Commander,183,normal,rare,1,64626,c2cf99ba-19c4-4f03-901b-69b754b6c48a,0.33,false,false,near_mint,en,USD,2024-02-17T21:08:53.831Z
All Vamp No Ramp,deck,Temple of Malice,VOC,Crimson Vow Commander,186,normal,rare,1,64558,6a5b300c-155d-49d2-a929-08d2bf37ae30,0.33,false,false,near_mint,en,USD,2024-02-17T21:08:53.831Z
All Vamp No Ramp,deck,Unclaimed Territory,VOC,Crimson Vow Commander,188,normal,uncommon,1,64551,6037414e-8fa6-48df-bcd6-f5be022bf4af,0.33,false,false,near_mint,en,USD,2024-02-17T21:08:53.831Z
All Vamp No Ramp,deck,Necropolis Regent,VOC,Crimson Vow Commander,132,normal,mythic,1,64598,9cd548d5-6162-4eff-adfc-69b7e3b45712,0.33,false,false,near_mint,en,USD,2024-02-17T21:13:38.637Z
All Vamp No Ramp,deck,Swamp,VOW,Innistrad: Crimson Vow,400,normal,common,3,64390,be87de91-aa10-4ed8-83a2-261b4f57e7db,0.33,false,false,near_mint,en,USD,2024-02-17T21:15:44.612Z
All Vamp No Ramp,deck,Swamp,MKM,Murders at Karlov Manor,274,foil,common,1,90874,53d0a415-26b8-4ba2-9503-b4ee2b93617c,0.33,false,false,near_mint,en,USD,2024-02-17T22:29:08.797Z
All Vamp No Ramp,deck,Swamp,MKM,Murders at Karlov Manor,274,normal,common,1,90874,53d0a415-26b8-4ba2-9503-b4ee2b93617c,0.33,false,false,near_mint,en,USD,2024-02-17T22:33:59.154Z
All Vamp No Ramp,deck,Bishop of the Bloodstained,PLST,The List,XLN-91,normal,uncommon,1,90152,0cbb3417-7595-4b36-9df3-8095701970e3,0.33,false,false,near_mint,en,USD,2024-02-17T22:46:26.304Z
All Vamp No Ramp,deck,Exotic Orchard,MKC,Murders at Karlov Manor Commander,260,normal,rare,1,90398,703da628-5a77-4cb4-8c29-1bdbae500d50,0.33,false,false,near_mint,en,USD,2024-02-17T23:00:42.172Z
All Vamp No Ramp,deck,Arcane Signet,MKC,Murders at Karlov Manor Commander,223,normal,common,1,90561,e593bb16-e709-4d92-bf6f-239f6a11f7db,0.33,false,false,near_mint,en,USD,2024-02-17T23:00:42.172Z
All Vamp No Ramp,deck,Command Tower,MKC,Murders at Karlov Manor Commander,256,normal,common,1,90456,96c3244e-930f-498c-959e-0f000151597d,0.33,false,false,near_mint,en,USD,2024-02-17T23:00:42.172Z
All Vamp No Ramp,deck,Temple of the False God,MKC,Murders at Karlov Manor Commander,305,normal,uncommon,1,90302,2d21d25e-830a-4d32-b292-c24cdab7516a,0.33,false,false,near_mint,en,USD,2024-02-17T23:00:42.172Z
All Vamp No Ramp,deck,Vein Ripper,MKM,Murders at Karlov Manor,346,normal,mythic,1,90924,65121bff-89f0-436d-89a5-b8191dc91891,5.0,false,false,near_mint,en,USD,2024-02-18T06:40:56.310Z
All Vamp No Ramp,deck,Tenured Inkcaster,STX,Strixhaven: School of Mages,88,normal,uncommon,1,58223,92eba33e-efea-4e58-a832-1c6049fb211f,0.0,false,false,near_mint,en,USD,2024-02-26T02:01:20.731Z
All Vamp No Ramp,deck,Village Rites,M21,Core Set 2021,126,normal,common,1,50910,9c0f60a6-b5c8-4704-8b61-94e8fc463e5d,0.0,false,false,near_mint,en,USD,2024-02-26T02:01:20.731Z
All Vamp No Ramp,deck,Voldaren Bloodcaster // Bloodbat Summoner,VOW,Innistrad: Crimson Vow,338,normal,rare,1,64078,0954ed3d-a5d8-4330-b07c-bf3e51192e4b,0.0,false,false,near_mint,en,USD,2024-02-26T02:01:20.731Z
All Vamp No Ramp,deck,"Anje, Maid of Dishonor",VOW,Innistrad: Crimson Vow,231,normal,rare,1,64115,1bfac4ab-97f1-448c-8554-42ed03eb5656,0.99,false,false,near_mint,en,USD,2024-02-26T02:01:20.731Z
All Vamp No Ramp,deck,Olivia's Attendants,VOW,Innistrad: Crimson Vow,307,foil,rare,1,64131,25b68fbf-7fc7-4fd5-9bdf-f3ef846d4c22,1.99,false,false,near_mint,en,USD,2024-02-26T02:01:20.731Z
All Vamp No Ramp,deck,Mirkwood Bats,LTR,The Lord of the Rings: Tales of Middle-earth,421,foil,common,1,83265,882747f9-b4fe-42be-8fe9-f871cd0779bd,1.99,false,false,near_mint,en,USD,2024-02-26T02:01:20.731Z
All Vamp No Ramp,deck,Diabolic Tutor,10E,Tenth Edition,135,normal,uncommon,1,25960,1fb98f0e-5fa0-497e-9061-85cf0b3a3eff,1.99,false,false,near_mint,en,USD,2024-02-26T02:01:20.731Z
All Vamp No Ramp,deck,Vampire Nocturnus,M10,Magic 2010,118,normal,mythic,1,23235,9df4f1ea-dbaa-456c-884c-97f03b64fa17,9.99,false,false,near_mint,en,USD,2024-02-26T02:01:20.731Z
All Vamp No Ramp,deck,Disentomb,M10,Magic 2010,92,normal,common,1,23261,99a329a0-a14a-49b9-adcd-397b566211ee,0.0,false,false,near_mint,en,USD,2024-02-26T02:01:20.731Z
All Vamp No Ramp,deck,"Sengir, the Dark Baron",CMR,Commander Legends,149,normal,rare,1,55669,4d51a22e-74fc-442e-945a-56d02ca12713,0.0,false,false,near_mint,en,USD,2024-02-26T02:01:20.731Z
All Vamp No Ramp,deck,Blade of the Bloodchief,C17,Commander 2017,204,normal,rare,1,4251,0c80fbef-ad13-4ff1-92ae-f8363ed5c6ab,3.99,false,false,near_mint,en,USD,2024-02-26T02:01:20.731Z
All Vamp No Ramp,deck,Voldaren Estate,PVOW,Innistrad: Crimson Vow Promos,267s,foil,rare,1,64777,1b4d6d96-27e8-4064-8016-533a89c8b8d5,1.99,false,false,near_mint,en,USD,2024-02-26T02:01:20.731Z
All Vamp No Ramp,deck,Mountain,VOW,Innistrad: Crimson Vow,401,normal,common,6,64382,b86fbf78-57ec-4a0f-9fb6-e4bf13861563,0.33,false,false,near_mint,en,USD,2024-02-16T06:44:16.825Z
All Vamp No Ramp,deck,Swamp,VOW,Innistrad: Crimson Vow,400,normal,common,6,64390,be87de91-aa10-4ed8-83a2-261b4f57e7db,0.33,false,false,near_mint,en,USD,2024-02-17T21:15:44.612Z
All Vamp No Ramp,deck,Raucous Theater,MKM,Murders at Karlov Manor,266,normal,rare,1,91144,b598c93e-dae1-4d71-a9e4-917abf76d2d0,0.2,false,false,near_mint,en,USD,2024-03-13T04:56:22.254Z
All Vamp No Ramp,deck,"Massacre Girl, Known Killer",MKM,Murders at Karlov Manor,94,normal,mythic,1,91206,cb1c8800-9d33-485c-b776-042003b9ea92,0.2,false,false,near_mint,en,USD,2024-03-13T04:56:22.254Z
Tokens,binder,Dog,TMKM,Murders at Karlov Manor Tokens,1,normal,common,1,91034,8aaf03be-294a-4539-954c-79853f4351a9,0.45,false,false,near_mint,en,USD,2024-02-16T07:33:24.952Z
Tokens,binder,Clue,TMKM,Murders at Karlov Manor Tokens,17,normal,common,1,90885,576b691a-9cb1-4c2e-93cf-42f52f587bff,0.45,false,false,near_mint,en,USD,2024-02-16T07:35:21.778Z
Tokens,binder,Clue,TMKM,Murders at Karlov Manor Tokens,18,normal,common,1,91298,ef607895-d6d2-44ab-a6b4-84af55fce593,0.45,false,false,near_mint,en,USD,2024-02-16T07:36:04.559Z
Tokens,binder,Bat,TMID,Innistrad: Midnight Hunt Tokens,4,normal,common,1,63948,e5c0f400-41be-488b-be84-b07289b1ef62,0.33,false,false,near_mint,en,USD,2024-02-17T20:36:36.633Z
Tokens,binder,Vampire,TMID,Innistrad: Midnight Hunt Tokens,14,normal,common,1,63734,0f8fe08d-b469-4471-8a7d-cf75850ba312,0.33,false,false,near_mint,en,USD,2024-02-17T20:39:28.821Z
Tokens,binder,Human,TVOW,Innistrad: Crimson Vow Tokens,1,normal,common,1,64675,7d13a93a-a43d-4cf5-8300-8341f3b7f1b1,0.33,false,false,near_mint,en,USD,2024-02-17T20:48:57.449Z
Tokens,binder,Detective,TMKM,Murders at Karlov Manor Tokens,10,normal,common,1,90767,30a109aa-99d4-4cfe-a9b1-1b40db5b7885,,false,false,near_mint,en,USD,2024-02-17T22:29:08.797Z
Tokens,binder,Clue,TMKM,Murders at Karlov Manor Tokens,16,normal,common,1,90719,233d3d41-1559-464a-a41e-096eb3b8a968,,false,false,near_mint,en,USD,2024-02-17T22:29:08.797Z
Tokens,binder,Insect,TMKC,Murders at Karlov Manor Commander Tokens,16,normal,common,2,90131,69b9f3ad-4569-440a-bce3-c5f571ba90a3,,false,false,near_mint,en,USD,2024-02-18T18:56:14.899Z
Tokens,binder,Saproling,TMKC,Murders at Karlov Manor Commander Tokens,19,normal,common,4,90144,f38381fd-e368-46b2-94e9-89c9b182435d,,false,false,near_mint,en,USD,2024-02-18T18:56:46.679Z
Tokens,binder,Snake,TMKC,Murders at Karlov Manor Commander Tokens,20,normal,common,2,90120,26614a86-55df-48d2-bb88-9a2895a33458,,false,false,near_mint,en,USD,2024-02-18T18:57:25.251Z
Tokens,binder,Ooze,TMKM,Murders at Karlov Manor Tokens,8,normal,common,3,90876,54b37032-9660-4dfb-9629-c4e8eddc43b0,,false,false,near_mint,en,USD,2024-02-17T22:41:18.874Z
Tokens,binder,Bat,TVOC,Crimson Vow Commander Tokens,4,normal,common,4,64732,55368a15-e45b-4407-9c03-1b17bf84607a,0.24,false,false,near_mint,en,USD,2024-02-18T19:09:26.510Z
Tokens,binder,Vampire,TVOW,Innistrad: Crimson Vow Tokens,16,normal,common,3,64676,7eee78d3-c65f-4454-bd3c-1c55388422f5,0.63,false,false,near_mint,en,USD,2024-02-18T19:11:27.956Z
Tokens,binder,Treasure,TVOW,Innistrad: Crimson Vow Tokens,18,normal,common,4,64668,0a89fdcf-0672-4241-834f-5db2c861694d,0.15,false,false,near_mint,en,USD,2024-02-18T19:11:47.314Z
Tokens,binder,Blood,TVOW,Innistrad: Crimson Vow Tokens,17,normal,common,4,64356,a6f374bc-cd29-469f-808a-6a6c004ee8aa,0.2,false,false,near_mint,en,USD,2024-03-12T02:57:11.776Z
Tokens,binder,Human Soldier,TVOW,Innistrad: Crimson Vow Tokens,15,normal,common,1,64672,5f3c4810-7359-42b7-905f-4845f6d1daf6,0.2,false,false,near_mint,en,USD,2024-03-12T02:57:11.776Z
Tokens,binder,Human,TVOW,Innistrad: Crimson Vow Tokens,10,normal,common,1,64669,11c8ff82-b598-4ccc-83a7-99f1e53b64d3,0.2,false,false,near_mint,en,USD,2024-03-12T02:57:11.776Z
Tokens,binder,Human,TVOW,Innistrad: Crimson Vow Tokens,1,normal,common,2,64675,7d13a93a-a43d-4cf5-8300-8341f3b7f1b1,0.2,false,false,near_mint,en,USD,2024-03-12T02:57:11.776Z
Tokens,binder,Day // Night,TVOW,Innistrad: Crimson Vow Tokens,21,normal,common,6,64435,dc26e13b-7a0f-4e7f-8593-4f22234f4517,0.2,false,false,near_mint,en,USD,2024-03-12T02:57:11.776Z
Tokens,binder,Copy,TVOW,Innistrad: Crimson Vow Tokens,19,normal,common,1,64681,dd2942a8-68e8-4f73-956f-f19c690fa512,0.2,false,false,near_mint,en,USD,2024-03-12T02:57:11.776Z
Tokens,binder,Wolf,TVOW,Innistrad: Crimson Vow Tokens,14,normal,common,4,64680,d5f1e139-3054-4273-8a4d-faaaa9c383a8,0.2,false,false,near_mint,en,USD,2024-03-12T02:57:11.776Z
Tokens,binder,Zombie,TVOW,Innistrad: Crimson Vow Tokens,8,normal,common,1,64679,c84e21cd-079d-493f-ab8d-e62f16ec1581,0.2,false,false,near_mint,en,USD,2024-03-12T02:57:11.776Z
Tokens,binder,Dragon Illusion,TVOW,Innistrad: Crimson Vow Tokens,9,normal,common,1,64682,e04ca01e-d2ff-45ce-bf6f-9f756808c8fb,0.2,false,false,near_mint,en,USD,2024-03-12T02:57:11.776Z
Tokens,binder,Slug,TVOW,Innistrad: Crimson Vow Tokens,6,normal,common,1,64674,6e2ae34f-4558-46e0-95c5-e00d813fa355,0.2,false,false,near_mint,en,USD,2024-03-12T02:57:11.776Z
Tokens,binder,Spirit,TVOW,Innistrad: Crimson Vow Tokens,2,normal,common,1,64673,6bee4081-5d74-4cc2-ba2f-887bc8799513,0.2,false,false,near_mint,en,USD,2024-03-12T02:57:11.776Z
Tokens,binder,Spirit Cleric,TVOW,Innistrad: Crimson Vow Tokens,4,normal,common,1,64670,5212bae5-d768-45ab-aba8-94c4f9fabc79,0.2,false,false,near_mint,en,USD,2024-03-12T02:57:11.776Z
Tokens,binder,Wolf,TVOW,Innistrad: Crimson Vow Tokens,11,normal,common,1,64666,001cc57e-f3fc-4790-a9e5-171b2e3e8739,0.2,false,false,near_mint,en,USD,2024-03-12T02:57:11.776Z
Tokens,binder,Boar,TVOW,Innistrad: Crimson Vow Tokens,12,normal,common,1,64677,975c4329-418a-4ada-82fa-9286fb61d61a,0.2,false,false,near_mint,en,USD,2024-03-12T02:57:11.776Z
Tokens,binder,Insect,TVOW,Innistrad: Crimson Vow Tokens,13,normal,common,2,64684,f3ac66f8-4bb2-42bd-9a18-7da9c3839c8b,0.2,false,false,near_mint,en,USD,2024-03-12T02:57:11.776Z
Tokens,binder,Zombie,TVOW,Innistrad: Crimson Vow Tokens,5,normal,common,2,64671,539f4b60-667b-469d-9191-eacaad5c0db1,0.2,false,false,near_mint,en,USD,2024-03-12T02:57:11.776Z
Tokens,binder,Dog,TMKM,Murders at Karlov Manor Tokens,1,normal,common,1,91034,8aaf03be-294a-4539-954c-79853f4351a9,0.2,false,false,near_mint,en,USD,2024-03-13T04:56:22.254Z
Tokens,binder,Pest,TOTP,Breaking News Tokens,4,normal,common,1,93903,e2e4c096-b083-4d19-ab8f-799e767819b4,0.35,false,false,near_mint,en,USD,2024-04-15T20:48:36.032Z
Tokens,binder,Bat,TBIG,The Big Score Tokens,1,normal,common,1,93644,59f138e5-501d-486f-b9a0-3f37640398a0,0.35,false,false,near_mint,en,USD,2024-04-15T20:48:36.032Z
Tokens,binder,Bird,TOTJ,Outlaws of Thunder Junction Tokens,7,normal,common,1,93445,000d9280-a79a-4f9f-822c-7aaecbff3337,0.35,false,false,near_mint,en,USD,2024-04-15T20:48:36.032Z
Tokens,binder,Mercenary,TOTJ,Outlaws of Thunder Junction Tokens,10,normal,common,2,93659,5f04607f-eed2-462e-897f-82e41e5f7049,0.35,false,false,near_mint,en,USD,2024-04-15T20:48:36.032Z
missing,binder,Swamp,MKM,Murders at Karlov Manor,281,foil,common,1,90961,70d0ef58-c0b3-4bcd-b470-0cf41219a4e6,0.33,false,false,near_mint,en,USD,2024-02-17T22:29:08.797Z
missing,binder,Swamp,VOW,Innistrad: Crimson Vow,400,normal,common,3,64390,be87de91-aa10-4ed8-83a2-261b4f57e7db,0.33,false,false,near_mint,en,USD,2024-02-17T21:15:44.612Z
missing,binder,Swamp,VOW,Innistrad: Crimson Vow,400,normal,common,2,64390,be87de91-aa10-4ed8-83a2-261b4f57e7db,0.33,false,false,near_mint,en,USD,2024-02-17T21:15:44.612Z
missing,binder,Mountain,MKM,Murders at Karlov Manor,284,normal,common,3,91214,cd8a0cd6-8d3b-44bd-b609-c12fb851d17b,0.33,false,false,near_mint,en,USD,2024-02-17T22:29:08.797Z
missing,binder,"Baird, Argivian Recruiter",DMU,Dominaria United,294,normal,uncommon,2,71511,6b7acac3-cb41-46bb-ae5e-98dc60620e53,0.03,false,false,light_played,en,USD,2024-03-10T22:44:25.539Z
missing,binder,Slaughter Singer,ONE,Phyrexia: All Will Be One,281,normal,uncommon,2,78645,7a802def-efe2-4f65-9dff-a1c0d800b146,0.03,false,false,light_played,en,USD,2024-03-10T22:44:25.539Z
missing,binder,"Rona, Sheoldred's Faithful",DMU,Dominaria United,216,normal,uncommon,1,71767,cc8331ab-adc9-45c6-9728-66afc72d901c,0.03,false,false,light_played,en,USD,2024-03-10T22:44:25.539Z
missing,binder,"Tura Kennerüd, Skyknight",DMU,Dominaria United,323,normal,uncommon,1,71789,d710ba7b-b0c9-4372-8f6e-1938bd114ac4,0.03,false,false,light_played,en,USD,2024-03-10T22:44:25.539Z
missing,binder,Serum-Core Chimera,ONE,Phyrexia: All Will Be One,215,normal,uncommon,1,78484,31147651-9a5e-4329-923b-e464f67135e9,0.03,false,false,light_played,en,USD,2024-03-10T22:44:25.539Z
missing,binder,Mystic Enforcer,DMR,Dominaria Remastered,192,normal,uncommon,1,77797,187ebb67-1bdd-4a9c-aeeb-554e7580ce24,0.03,false,false,light_played,en,USD,2024-03-10T22:44:25.539Z
missing,binder,Botanical Brawler,MOM,March of the Machine,384,normal,uncommon,1,81142,85dcbfc4-9791-496e-b17a-7ff1b3978e0c,0.03,false,false,light_played,en,USD,2024-03-10T22:44:25.539Z
missing,binder,Skarrg Guildmage,GTC,Gatecrash,196,normal,uncommon,1,16628,00f206c0-a8a7-4ca0-b88f-4736c3dac588,0.03,false,false,light_played,en,USD,2024-03-10T22:44:25.539Z
missing,binder,Cartel Aristocrat,GTC,Gatecrash,150,normal,uncommon,1,16674,25bcfbc0-1401-4e5e-8145-c8936c4ff725,0.03,false,false,light_played,en,USD,2024-03-10T22:44:25.539Z
missing,binder,Crew Captain,SNC,Streets of New Capenna,303,normal,uncommon,1,67676,2e9e01f5-393e-4f01-86b9-112a9084ad2f,0.03,false,false,light_played,en,USD,2024-03-10T22:44:25.539Z
missing,binder,Enigma Drake,AKH,Amonkhet,198,normal,uncommon,1,5487,66286631-c16e-410c-b963-25cfe8005d8f,0.03,false,false,light_played,en,USD,2024-03-10T22:44:25.539Z
missing,binder,Enigma Drake,AKH,Amonkhet,198,normal,uncommon,1,5487,66286631-c16e-410c-b963-25cfe8005d8f,0.03,false,false,light_played,en,USD,2024-03-10T22:44:25.539Z
missing,binder,"Juri, Master of the Revue",MUL,Multiverse Legends,46,normal,uncommon,1,81952,c94cd726-8d67-4510-ad56-3ead1931214b,0.03,false,false,light_played,en,USD,2024-03-10T22:44:25.539Z
missing,binder,Blazing Crescendo,ONE,Phyrexia: All Will Be One,123,normal,common,1,78878,d6bfc16a-2871-40a4-b279-636b80491a06,0.03,false,false,light_played,en,USD,2024-03-11T03:07:41.560Z
missing,binder,Hammer Dropper,GRN,Guilds of Ravnica,176,normal,common,1,307,9efac789-587b-45c1-b16e-616e9486b59b,0.03,false,false,light_played,en,USD,2024-03-11T03:07:41.560Z
missing,binder,Sonic Assault,GRN,Guilds of Ravnica,199,normal,common,1,284,cc61a398-cf16-415b-b3cf-897217dc7cc9,0.03,false,false,light_played,en,USD,2024-03-11T03:07:41.560Z
missing,binder,Mountain,MKM,Murders at Karlov Manor,283,normal,common,1,91248,de754d20-5371-456b-9064-8f0687d2eab7,0.2,false,false,near_mint,en,USD,2024-03-13T04:56:22.254Z
missing,binder,Greenbelt Radical,MKM,Murders at Karlov Manor,163,normal,uncommon,1,91029,88e62346-cc62-4938-970c-b56beeb79fa6,0.2,false,false,near_mint,en,USD,2024-03-13T04:56:22.254Z
missing,binder,"Grumgully, the Generous",ELD,Throne of Eldraine,192,normal,uncommon,1,46146,b9d50d26-3c44-4c8f-81bb-9093dacfb804,0.03,false,false,light_played,en,USD,2024-03-10T22:44:25.539Z
missing,binder,Howlpack Piper // Wildsong Howler,VOW,Innistrad: Crimson Vow,205,normal,rare,1,64409,c7ceaf83-09c0-4492-a75d-4c47bd421858,0.2,false,false,near_mint,en,USD,2024-03-12T02:57:11.776Z
missing,binder,Swamp,VOW,Innistrad: Crimson Vow,272,normal,common,4,64195,4abfe418-15f8-46ce-9b39-fd5a38b25d12,0.2,false,false,near_mint,en,USD,2024-03-12T02:57:11.776Z
missing,binder,Mountain,MKM,Murders at Karlov Manor,283,normal,common,1,91248,de754d20-5371-456b-9064-8f0687d2eab7,0.33,false,false,near_mint,en,USD,2024-02-17T22:33:59.154Z
missing,binder,Mountain,VOW,Innistrad: Crimson Vow,401,normal,common,2,64382,b86fbf78-57ec-4a0f-9fb6-e4bf13861563,0.33,false,false,near_mint,en,USD,2024-02-16T06:44:16.825Z
Deck 2,deck,Demand Answers,MKM,Murders at Karlov Manor,122,normal,common,1,91286,eca092fc-7c67-4a73-989e-5297bbaaea76,0.33,false,false,near_mint,en,USD,2024-02-16T06:44:16.825Z
Deck 2,deck,Incinerator of the Guilty,MKM,Murders at Karlov Manor,132,normal,mythic,1,90654,0c6aca64-a554-45c1-9f23-4f7878abeda5,0.45,false,false,near_mint,en,USD,2024-02-16T06:44:16.825Z
Deck 2,deck,Mountain,SNC,Streets of New Capenna,268,normal,common,4,68092,fac247df-aa19-4627-8d65-6ddf5e7e5c8c,0.33,false,false,near_mint,en,USD,2024-02-16T06:44:16.825Z
Deck 2,deck,Dryad's Revival,MID,Innistrad: Midnight Hunt,183,foil,uncommon,1,63260,5c0aa3eb-0aa8-42da-b437-a3f336df585d,0.33,false,false,near_mint,en,USD,2024-02-17T20:36:36.633Z
Deck 2,deck,Cathartic Pyre,MID,Innistrad: Midnight Hunt,133,normal,uncommon,1,63394,b045c28a-39f9-4cd9-8f3a-a626b697f409,0.33,false,false,near_mint,en,USD,2024-02-17T20:36:36.633Z
Deck 2,deck,Swiftfoot Boots,VOC,Crimson Vow Commander,169,normal,uncommon,1,64596,99d75dbd-6fd2-479d-a5c7-272b4be21d8b,0.33,false,false,near_mint,en,USD,2024-02-17T21:08:53.831Z
Deck 2,deck,Command Tower,VOC,Crimson Vow Commander,172,normal,common,1,64604,a5f0af51-a054-4e04-aa6e-3972bd336a40,0.33,false,false,near_mint,en,USD,2024-02-17T21:08:53.831Z
Deck 2,deck,Molten Echoes,VOC,Crimson Vow Commander,148,normal,rare,1,64530,461d9f1c-53a4-48a6-bafb-0e70099f276c,0.33,false,false,near_mint,en,USD,2024-02-17T21:08:53.831Z
Deck 2,deck,Exotic Orchard,VOC,Crimson Vow Commander,173,normal,rare,1,64496,103e7314-d7ca-4be0-b21a-d249602d4502,0.33,false,false,near_mint,en,USD,2024-02-17T21:08:53.831Z
Deck 2,deck,Temple of the False God,VOC,Crimson Vow Commander,187,normal,uncommon,1,64600,a2d335ab-9bde-44aa-ae83-0615b5902210,0.33,false,false,near_mint,en,USD,2024-02-17T21:08:53.831Z
Deck 2,deck,Mountain,MKM,Murders at Karlov Manor,275,normal,common,1,90871,5383b66e-e559-47d2-9967-9c2d5f898653,0.33,false,false,near_mint,en,USD,2024-02-17T22:29:08.797Z
Deck 2,deck,Pick Your Poison,MKM,Murders at Karlov Manor,170,normal,common,1,91312,f58cfb23-4d99-4133-bf4b-d7e7c7d17cea,0.33,false,false,near_mint,en,USD,2024-02-17T22:29:08.797Z
Deck 2,deck,Forest,MKM,Murders at Karlov Manor,276,normal,common,2,91009,8126b842-ea58-4988-8b3f-0394cf766b91,0.33,false,false,near_mint,en,USD,2024-02-17T22:29:08.797Z
Deck 2,deck,Forest,MKM,Murders at Karlov Manor,276,foil,common,1,91009,8126b842-ea58-4988-8b3f-0394cf766b91,0.33,false,false,near_mint,en,USD,2024-02-17T22:29:08.797Z
Deck 2,deck,Forest,MKM,Murders at Karlov Manor,285,foil,common,1,91211,cc485069-e081-4e83-bbad-d5faf7a5bd03,0.33,false,false,near_mint,en,USD,2024-02-17T22:29:08.797Z
Deck 2,deck,Forest,MKM,Murders at Karlov Manor,286,foil,common,2,90943,6cb8f264-cc26-476e-a3b7-53638dce7395,0.33,false,false,near_mint,en,USD,2024-02-17T22:29:08.797Z
Deck 2,deck,Forest,MKM,Murders at Karlov Manor,286,normal,common,4,90943,6cb8f264-cc26-476e-a3b7-53638dce7395,0.33,false,false,near_mint,en,USD,2024-02-17T22:33:59.154Z
Deck 2,deck,Chaos Warp,MKC,Murders at Karlov Manor Commander,149,normal,rare,1,90480,aba4cc8a-05f3-499d-96c2-0edee9fc0ba0,0.33,false,false,near_mint,en,USD,2024-02-17T23:00:42.172Z
Deck 2,deck,Jeska's Will,MKC,Murders at Karlov Manor Commander,156,normal,rare,1,90462,99e0c371-1024-4432-9fd9-3bc29c8d38e4,0.33,false,false,near_mint,en,USD,2024-02-17T23:00:42.172Z
Deck 2,deck,Scourge of the Throne,MKC,Murders at Karlov Manor Commander,160,normal,rare,1,90374,63a2993d-0f0e-4386-89d7-1d046c02683d,0.33,false,false,near_mint,en,USD,2024-02-17T23:00:42.172Z
Deck 2,deck,Beast Whisperer,MKC,Murders at Karlov Manor Commander,166,normal,rare,1,90520,c5445a0d-319a-4237-94df-19a7182e6df2,0.33,false,false,near_mint,en,USD,2024-02-17T23:00:42.172Z
Deck 2,deck,Ohran Frostfang,MKC,Murders at Karlov Manor Commander,180,normal,rare,1,90344,4825bc98-5274-4ede-8fa0-368b1153a83a,0.33,false,false,near_mint,en,USD,2024-02-17T23:00:42.172Z
Deck 2,deck,Return of the Wildspeaker,MKC,Murders at Karlov Manor Commander,181,normal,rare,1,90291,2540964b-9caa-4951-8bba-ea2f84dc3698,0.33,false,false,near_mint,en,USD,2024-02-17T23:00:42.172Z
Deck 2,deck,"Saryth, the Viper's Fang",MKC,Murders at Karlov Manor Commander,185,normal,rare,1,90424,8050afb7-3c16-4456-aa34-4cc999fac7f5,0.33,false,false,near_mint,en,USD,2024-02-17T23:00:42.172Z
Deck 2,deck,Seedborn Muse,MKC,Murders at Karlov Manor Commander,186,normal,rare,1,90588,f4a9cb46-d4e0-46f2-973f-09275ba0d99c,0.33,false,false,near_mint,en,USD,2024-02-17T23:00:42.172Z
Deck 2,deck,"Toski, Bearer of Secrets",MKC,Murders at Karlov Manor Commander,191,normal,rare,1,90566,e82e61d1-488d-4627-a54c-d8496a967814,0.33,false,false,near_mint,en,USD,2024-02-17T23:00:42.172Z
Deck 2,deck,"Yedora, Grave Gardener",MKC,Murders at Karlov Manor Commander,197,normal,rare,1,90356,552ddba8-e1e3-44d8-b341-441c2b4cd937,0.33,false,false,near_mint,en,USD,2024-02-17T23:00:42.172Z
Deck 2,deck,Decimate,MKC,Murders at Karlov Manor Commander,204,normal,rare,1,90379,6640956f-c8a1-4cd7-835b-e4f23fa778c0,0.33,false,false,near_mint,en,USD,2024-02-17T23:00:42.172Z
Deck 2,deck,Lifecrafter's Bestiary,MKC,Murders at Karlov Manor Commander,231,normal,rare,1,90532,cfb90c0c-50e7-4602-a64b-eeba9ec32e17,0.33,false,false,near_mint,en,USD,2024-02-17T23:00:42.172Z
Deck 2,deck,Cinder Glade,MKC,Murders at Karlov Manor Commander,255,normal,rare,1,90266,10caa17e-3892-435a-8f48-f3d6e4619114,0.33,false,false,near_mint,en,USD,2024-02-17T23:00:42.172Z
Deck 2,deck,Game Trail,MKC,Murders at Karlov Manor Commander,264,normal,rare,1,90297,2a84a604-7b05-4716-bcd8-40d2acdb76e8,0.33,false,false,near_mint,en,USD,2024-02-17T23:00:42.172Z
Deck 2,deck,Kessig Wolf Run,MKC,Murders at Karlov Manor Commander,269,normal,rare,1,90597,fcdbc6ba-714d-4f38-8299-dc875ec76a3d,0.33,false,false,near_mint,en,USD,2024-02-17T23:00:42.172Z
Deck 2,deck,Mossfire Valley,MKC,Murders at Karlov Manor Commander,274,normal,rare,1,90293,285e4907-3d43-4c54-8a7f-cd8d2551de44,0.33,false,false,near_mint,en,USD,2024-02-17T23:00:42.172Z
Deck 2,deck,Mosswort Bridge,MKC,Murders at Karlov Manor Commander,275,normal,rare,1,90390,69955979-1ca3-4fd3-ab7a-dd65c06a9ce0,0.33,false,false,near_mint,en,USD,2024-02-17T23:00:42.172Z
Deck 2,deck,Sheltered Thicket,MKC,Murders at Karlov Manor Commander,291,normal,rare,1,90411,76af0d0d-1222-434e-a9ae-f562abf2bbb4,0.33,false,false,near_mint,en,USD,2024-02-17T23:00:42.172Z
Deck 2,deck,Temple of Abandon,MKC,Murders at Karlov Manor Commander,301,normal,rare,1,90306,2f4a85ee-235c-448c-b75b-808a70ed95d2,0.33,false,false,near_mint,en,USD,2024-02-17T23:00:42.172Z
Deck 2,deck,Nature's Lore,MKC,Murders at Karlov Manor Commander,178,normal,uncommon,1,90590,f5615c05-eb1e-4d27-a323-72d643d7c1d8,0.33,false,false,near_mint,en,USD,2024-02-17T23:00:42.172Z
Deck 2,deck,Sakura-Tribe Elder,MKC,Murders at Karlov Manor Commander,183,normal,common,1,90499,baa54bbc-88dd-46ba-9a91-6291c3fb420f,0.33,false,false,near_mint,en,USD,2024-02-17T23:00:42.172Z
Deck 2,deck,Three Visits,MKC,Murders at Karlov Manor Commander,189,normal,uncommon,1,90579,ed7a4afa-2b02-4e09-9ac4-f9d579f7d68c,0.33,false,false,near_mint,en,USD,2024-02-17T23:00:42.172Z
Deck 2,deck,Gruul Turf,MKC,Murders at Karlov Manor Commander,265,normal,uncommon,1,90408,74fe9503-2b40-458f-a5c4-1b227ae54889,0.33,false,false,near_mint,en,USD,2024-02-17T23:00:42.172Z
Deck 2,deck,Mountain,MKM,Murders at Karlov Manor,275,normal,common,2,90871,5383b66e-e559-47d2-9967-9c2d5f898653,0.33,false,false,near_mint,en,USD,2024-02-17T22:29:08.797Z
Deck 2,deck,Revolutionist,MH2,Modern Horizons 2,139,normal,common,1,59776,bb8f3008-a3ba-4f73-afa6-ad81074b3196,0.1,false,false,good,en,USD,2024-03-05T00:51:02.399Z
Deck 2,deck,Pillardrop Warden,STX,Strixhaven: School of Mages,112,normal,common,1,58172,7d509f73-cd62-4116-9652-0ed801ed8b36,0.1,false,false,good,en,USD,2024-03-05T00:51:02.399Z
Deck 2,deck,Dual Strike,KHM,Kaldheim,132,normal,uncommon,1,56926,6ef580f8-efec-4d31-8dc3-2018dd48b6f4,0.1,false,false,good,en,USD,2024-03-05T00:51:02.399Z
Deck 2,deck,Rhox Pummeler,SNC,Streets of New Capenna,155,normal,common,1,68007,c99f5b02-16b9-4672-b0ec-f77662e9de76,0.1,false,false,good,en,USD,2024-03-05T00:51:02.399Z
Deck 2,deck,Orchard Strider,MH2,Modern Horizons 2,169,normal,common,1,59501,386da156-59cd-4b96-9276-a7cb2ddd0421,0.1,false,false,good,en,USD,2024-03-05T00:51:02.399Z
Deck 2,deck,Shivan Meteor,DDS,Duel Decks: Mind vs. Might,18,normal,uncommon,1,5925,7f2d2a20-3196-4bb2-9574-0c643e0b6f3d,0.03,false,false,light_played,en,USD,2024-03-10T22:44:25.539Z
Deck 2,deck,Meteor Golem,M20,Core Set 2020,232,normal,uncommon,1,45228,b748341f-557c-4b6a-a36c-c08c9cc05b90,0.03,false,false,light_played,en,USD,2024-03-10T22:44:25.539Z
Deck 2,deck,Frenzied Tilling,GTC,Gatecrash,166,normal,uncommon,1,16658,03bce9a7-6215-43ff-b4d0-55f96f683aba,0.03,false,false,light_played,en,USD,2024-03-10T22:44:25.539Z
Deck 2,deck,Gruul Keyrune,GTC,Gatecrash,230,normal,uncommon,1,16594,7cf96f1c-066e-4fde-acb8-4674842fb6c2,0.03,false,false,light_played,en,USD,2024-03-10T22:44:25.539Z
Deck 2,deck,Ignition Team,CNS,Conspiracy,34,normal,rare,1,14386,9dc89eb3-4497-4f05-8fed-d378b6e425ca,0.03,false,false,light_played,en,USD,2024-03-10T22:44:25.539Z
Deck 2,deck,Adventurous Impulse,STA,Strixhaven Mystical Archive,49,normal,uncommon,1,58362,e7b44893-e6d1-48d0-ba69-06b9569e1e38,0.03,false,false,light_played,en,USD,2024-03-10T22:44:25.539Z
Deck 2,deck,Mossbeard Ancient,DMU,Dominaria United,173,normal,uncommon,1,71563,7e528d36-cea6-4013-83d5-ba837d570713,0.03,false,false,light_played,en,USD,2024-03-10T22:44:25.539Z
Deck 2,deck,Arc Blade,TSR,Time Spiral Remastered,152,normal,uncommon,1,57751,92b8fe7c-fe36-4f6d-9c7f-85286b745865,0.03,false,false,light_played,en,USD,2024-03-10T22:44:25.539Z
Deck 2,deck,Elvish Aberration,2XM,Double Masters,165,normal,common,1,52213,f865601c-fddf-42fe-acd0-c9075fa84783,0.03,false,false,light_played,en,USD,2024-03-11T03:07:41.560Z
Deck 2,deck,Molten Monstrosity,DMU,Dominaria United,139,normal,common,1,71317,240957e5-ab0a-443f-92de-ae999b08c44f,0.03,false,false,light_played,en,USD,2024-03-11T03:07:41.560Z
Deck 2,deck,Molten Rebuke,ONE,Phyrexia: All Will Be One,141,normal,common,1,78867,d2e3291b-de5c-4a10-9915-2cd2d84a815c,0.03,false,false,light_played,en,USD,2024-03-11T03:07:41.560Z
Deck 2,deck,Command the Storm,GRN,Guilds of Ravnica,94,normal,common,1,389,c4144e98-957e-43ac-b107-8ccf450748df,0.03,false,false,light_played,en,USD,2024-03-11T03:07:41.560Z
Deck 2,deck,"Chandra, Dressed to Kill",VOW,Innistrad: Crimson Vow,149,normal,mythic,1,64249,681f7c73-92c6-47ba-af56-3ff032ac12da,0.2,false,false,near_mint,en,USD,2024-03-12T02:57:11.776Z
Deck 2,deck,"Halana and Alena, Partners",VOW,Innistrad: Crimson Vow,239,normal,rare,1,64236,608fa232-f5fe-4c58-9efe-fb780f454b19,0.2,false,false,near_mint,en,USD,2024-03-12T02:57:11.776Z
Deck 2,deck,Retrieve,VOW,Innistrad: Crimson Vow,215,normal,uncommon,1,64339,9e997f78-22a2-4b66-ac10-1adc9a72ce3b,0.2,false,false,near_mint,en,USD,2024-03-12T02:57:11.776Z
Deck 2,deck,Skullcrack,OTP,Breaking News,27,normal,rare,1,93060,170a06cd-501e-43c8-98e0-63ebd61cc0aa,0.35,false,false,near_mint,en,USD,2024-04-15T20:48:36.032Z
Deck 2,deck,"Roxanne, Starfall Savant",OTJ,Outlaws of Thunder Junction,228,normal,rare,1,93051,11fbe52f-febd-49fc-8391-28d3efe9c3eb,0.35,false,false,near_mint,en,USD,2024-04-15T20:48:36.032Z
Deck 2,deck,Explosive Derailment,OTJ,Outlaws of Thunder Junction,122,normal,common,1,93417,f0e3df9c-0a86-4e6f-a3c7-84a883328a3d,0.35,false,false,near_mint,en,USD,2024-04-15T20:48:36.032Z
Deck 2,deck,Primal Command,OTP,Breaking News,31,normal,rare,1,93139,4416de3b-ba68-44a9-843b-26743813c661,0.35,false,false,near_mint,en,USD,2024-04-15T20:48:36.032Z
Deck 2,deck,Bristling Backwoods,OTJ,Outlaws of Thunder Junction,253,foil,common,1,93365,d61dfeb7-7f6b-4601-8396-2cbb98165489,0.35,false,false,near_mint,en,USD,2024-04-15T20:48:36.032Z
Deck 2,deck,Molten Duplication,BIG,The Big Score,14,normal,mythic,1,93952,fdbe1ac1-461f-4746-a8d8-6c8dea2c97c6,0.35,false,false,near_mint,en,USD,2024-04-15T20:48:36.032Z
Deck 2,deck,Conduit Pylons,OTJ,Outlaws of Thunder Junction,254,normal,common,1,93183,5ffa48cc-b991-4d47-b7ec-cf678915c758,0.35,false,false,near_mint,en,USD,2024-04-15T20:48:36.032Z
Deck 2,deck,Outcaster Trailblazer,OTJ,Outlaws of Thunder Junction,173,normal,rare,1,93113,33b9cd6c-d75c-4905-aa38-ff03a9c4b398,0.35,false,false,near_mint,en,USD,2024-04-15T20:48:36.032Z
Deck 2,deck,Legion Extruder,BIG,The Big Score,12,normal,mythic,1,93645,5a077de0-1893-40d0-a499-ee2e6e2258f1,0.35,false,false,near_mint,en,USD,2024-04-15T20:48:36.032Z
Deck 2,deck,Chatterstorm,MH2,Modern Horizons 2,152,normal,common,1,59757,b34f0ac1-6894-4761-b62c-b85d927acf09,0.03,false,false,light_played,en,USD,2024-03-11T03:07:41.560Z
Deck 2,deck,End the Festivities,VOW,Innistrad: Crimson Vow,155,normal,common,1,64392,bec748e6-7245-4a71-aeee-cefed8346948,0.2,false,false,near_mint,en,USD,2024-03-12T02:57:11.776Z
Deck 2,deck,Evolving Wilds,VOW,Innistrad: Crimson Vow,263,normal,common,1,64453,e80fe230-745d-42ae-a1f5-a8cc950783d0,0.2,false,false,near_mint,en,USD,2024-03-12T02:57:11.776Z
Deck 2,deck,Explosive Entry,NEO,Kamigawa: Neon Dynasty,139,normal,common,1,66890,7ba639ff-fe82-4ac3-9fb4-eac168bef053,0.03,false,false,light_played,en,USD,2024-03-11T03:07:41.560Z
Deck 2,deck,Forest,MKM,Murders at Karlov Manor,285,normal,common,2,91211,cc485069-e081-4e83-bbad-d5faf7a5bd03,0.33,false,false,near_mint,en,USD,2024-02-17T22:33:59.154Z
Deck 2,deck,Mountain,VOW,Innistrad: Crimson Vow,401,normal,common,6,64382,b86fbf78-57ec-4a0f-9fb6-e4bf13861563,0.33,false,false,near_mint,en,USD,2024-02-16T06:44:16.825Z
Deck 2,deck,Reckless Lackey,OTJ,Outlaws of Thunder Junction,140,normal,common,1,93262,912fcd14-5e81-418c-997b-771f2f38f63d,0.35,false,false,near_mint,en,USD,2024-04-15T20:48:36.032Z
Deck 2,deck,Rugged Highlands,NEO,Kamigawa: Neon Dynasty,273,normal,common,1,66877,58d511be-60e0-4755-abec-18eebb530605,0.33,false,false,near_mint,en,USD,2024-02-16T06:44:16.825Z
Deck 2,deck,Sandwurm Convergence,CLB,Commander Legends: Battle for Baldur's Gate,833,normal,rare,1,69598,94d2a7e4-acc9-4236-a78f-c3171fd0c9ec,0.1,false,false,good,en,USD,2024-03-05T00:51:02.399Z
Deck 2,deck,"Svella, Ice Shaper",KHM,Kaldheim,230,normal,uncommon,1,57025,a7054d48-5ed3-43a1-85e5-9f306b081b4f,0.1,false,false,good,en,USD,2024-03-05T00:51:02.399Z
Deck 2,deck,Sol Ring,PIP,Fallout,239,foil,uncommon,1,92816,e675f7e2-5c9f-4912-8fdd-daaeda284a3d,5.34,false,false,near_mint,en,USD,2024-04-20T23:59:05.233Z
Deck 2,deck,Altar of Dementia,MH1,Modern Horizons,218,normal,rare,1,44716,169356e0-46dc-4096-8e66-36726454f104,5.34,false,false,near_mint,en,USD,2024-04-20T23:59:05.233Z
Deck 2,deck,"Ugin, the Ineffable",SLD,Secret Lair Drop,1243,foil,rare,1,80491,99285945-0d97-4e29-9be2-2d2cfd9bac4e,5.34,false,false,near_mint,en,USD,2024-04-20T23:59:05.233Z
Deck 2,deck,Mask of Memory,ONC,Phyrexia: All Will Be One Commander,136,normal,uncommon,1,78841,c6c4dffd-0ae9-493d-afa4-d1eb8bdba582,5.34,false,false,near_mint,en,USD,2024-04-20T23:59:05.233Z
Deck 2,deck,Arcane Signet,P30M,30th Anniversary Misc Promos,1F,normal,rare,1,79235,e96d398f-7393-4b8e-9972-2d7c394d23ad,5.34,false,false,near_mint,en,USD,2024-04-20T23:59:05.233Z
Land Station,binder,Forest,M20,Core Set 2020,280,normal,common,19,45180,43e7e6ec-9bfe-4062-a538-2a748d2eed1f,0.06,false,false,near_mint,en,USD,2024-04-21T19:27:07.940Z
Land Station,binder,Forest,M20,Core Set 2020,277,normal,common,21,45183,42352899-f2f2-4dea-863b-8d685e63b454,0.06,false,false,near_mint,en,USD,2024-04-21T19:27:07.940Z
Land Station,binder,Forest,M20,Core Set 2020,278,normal,common,21,45182,00feb2af-b363-4377-98b1-6a07df7f1acd,0.06,false,false,near_mint,en,USD,2024-04-21T19:27:07.940Z
Land Station,binder,Forest,M20,Core Set 2020,279,normal,common,19,45181,56caba21-b773-4245-b3f8-3ae62725c14f,0.06,false,false,near_mint,en,USD,2024-04-21T19:27:07.940Z
Land Station,binder,Mountain,M20,Core Set 2020,275,normal,common,22,45185,4cf7d0ad-8fe2-4065-89e3-c2ee04062695,0.06,false,false,near_mint,en,USD,2024-04-21T19:27:07.940Z
Land Station,binder,Mountain,M20,Core Set 2020,276,normal,common,22,45184,514f8188-3d9e-4937-bfcb-b73acd80878d,0.06,false,false,near_mint,en,USD,2024-04-21T19:27:07.940Z
Land Station,binder,Mountain,M20,Core Set 2020,274,normal,common,17,45186,cbe67eb3-f10d-4f34-b4b0-fd00ee8cc325,0.06,false,false,near_mint,en,USD,2024-04-21T19:27:07.940Z
Land Station,binder,Mountain,M20,Core Set 2020,273,normal,common,19,45187,399f7531-e137-463b-bec3-e86756b6ed71,0.06,false,false,near_mint,en,USD,2024-04-21T19:27:07.940Z
Land Station,binder,Swamp,M20,Core Set 2020,270,normal,common,21,45190,4f3a387a-4bc1-4338-9d1e-0fbcb6f03b82,0.06,false,false,near_mint,en,USD,2024-04-21T19:27:07.940Z
Land Station,binder,Swamp,M20,Core Set 2020,269,normal,common,19,45191,184a196e-8604-49d2-a66a-6f7c0eafd5de,0.06,false,false,near_mint,en,USD,2024-04-21T19:27:07.940Z
Land Station,binder,Swamp,M20,Core Set 2020,272,normal,common,19,45188,6ba77dad-f157-4e31-9654-921967ea98c0,0.06,false,false,near_mint,en,USD,2024-04-21T19:27:07.940Z
Land Station,binder,Swamp,M20,Core Set 2020,271,normal,common,21,45189,a9023215-035f-4f12-9f75-04b995b5d24a,0.06,false,false,near_mint,en,USD,2024-04-21T19:27:07.940Z
Land Station,binder,Island,M20,Core Set 2020,267,normal,common,21,45193,9db3bac6-81c9-4bb5-aca6-371cec8efa0d,0.06,false,false,near_mint,en,USD,2024-04-21T19:27:07.940Z
Land Station,binder,Island,M20,Core Set 2020,268,normal,common,18,45192,f3448b8b-8baf-492a-a1d6-4bb676c43cab,0.06,false,false,near_mint,en,USD,2024-04-21T19:27:07.940Z
Land Station,binder,Island,M20,Core Set 2020,266,normal,common,22,45194,c8a516f8-861b-4c3b-9d9b-0adc04ec689f,0.06,false,false,near_mint,en,USD,2024-04-21T19:27:07.940Z
Land Station,binder,Island,M20,Core Set 2020,265,normal,common,19,45195,fe7f4393-38f9-43b5-873b-58246183b874,0.06,false,false,near_mint,en,USD,2024-04-21T19:27:07.940Z
Land Station,binder,Plains,M20,Core Set 2020,263,normal,common,21,45197,8fd675c7-7dac-4ad1-9243-6d1eda0fa30c,0.06,false,false,near_mint,en,USD,2024-04-21T19:27:07.940Z
Land Station,binder,Plains,M20,Core Set 2020,261,normal,common,19,45199,73fb4a34-c11e-45e9-a986-43c0a0ae5424,0.06,false,false,near_mint,en,USD,2024-04-21T19:27:07.940Z
Land Station,binder,Plains,M20,Core Set 2020,264,normal,common,20,45196,dfa01578-faf9-4694-86a0-c81f5b2a0dd8,0.06,false,false,near_mint,en,USD,2024-04-21T19:27:07.940Z
Land Station,binder,Plains,M20,Core Set 2020,262,normal,common,20,45198,e9495172-6fde-4aae-b47e-fc887440120e,0.06,false,false,near_mint,en,USD,2024-04-21T19:27:07.940Z
Creature Dungeon,binder,Defenestrated Phantom,MKM,Murders at Karlov Manor,11,normal,common,1,91037,8b284304-c3bf-4413-9fd3-b44eb4eb642a,0.33,false,false,near_mint,en,USD,2024-02-16T06:44:16.825Z
Creature Dungeon,binder,Extraction Specialist,SNC,Streets of New Capenna,12,normal,rare,1,67957,b404d6c7-0b65-4c6a-b141-9dffbeb120db,0.13,false,false,near_mint,en,USD,2024-02-16T06:44:16.825Z
Creature Dungeon,binder,Essence of Antiquity,MKM,Murders at Karlov Manor,15,foil,uncommon,1,91123,aee2945d-bf6d-4328-a482-df24c2973b56,0.33,false,false,near_mint,en,USD,2024-02-16T06:44:16.825Z
Creature Dungeon,binder,Griffnaut Tracker,MKM,Murders at Karlov Manor,17,normal,common,1,91061,95f5d048-226f-49a4-a2ce-a6fa99aa9e8a,0.33,false,false,near_mint,en,USD,2024-02-16T06:44:16.825Z
Creature Dungeon,binder,Inspiring Overseer,SNC,Streets of New Capenna,18,normal,common,3,67694,35d9da1d-8678-4252-b0f8-9960795642f0,0.13,false,false,near_mint,en,USD,2024-02-16T06:44:16.825Z
Creature Dungeon,binder,Marketwatch Phantom,MKM,Murders at Karlov Manor,24,normal,common,1,91237,daf6a392-3fc4-45d1-b85d-3b1381b3ab7d,0.33,false,false,near_mint,en,USD,2024-02-16T06:44:16.825Z
Creature Dungeon,binder,Nebelgast Beguiler,VOW,Innistrad: Crimson Vow,25,normal,common,2,64065,04c68dbd-e61b-49a7-aa17-da6b26c9fd29,0.33,false,false,near_mint,en,USD,2024-02-16T06:44:16.825Z
Creature Dungeon,binder,Novice Inspector,MKM,Murders at Karlov Manor,29,normal,common,1,90643,0ad38866-fc5f-4f62-89c1-afc0f50765aa,0.33,false,false,near_mint,en,USD,2024-02-16T06:44:16.825Z
Creature Dungeon,binder,Seasoned Consultant,MKM,Murders at Karlov Manor,33,normal,common,1,91175,c0ebfe5d-8819-495d-bf72-b9c28c6fd23e,0.33,false,false,near_mint,en,USD,2024-02-16T06:44:16.825Z
Creature Dungeon,binder,Unyielding Gatekeeper,MKM,Murders at Karlov Manor,35,normal,rare,1,91303,f3a0d597-d2df-4aaf-8084-c8eeda64ce60,0.33,false,false,near_mint,en,USD,2024-02-16T06:44:16.825Z
Creature Dungeon,binder,Seven-Tail Mentor,NEO,Kamigawa: Neon Dynasty,36,normal,common,3,66582,9d77d1e6-c804-46f7-ba00-6df6bca2ae08,0.33,false,false,near_mint,en,USD,2024-02-16T06:44:16.825Z
Creature Dungeon,binder,Wrench,MKM,Murders at Karlov Manor,37,normal,uncommon,1,91183,c36cc39b-8f3b-4297-b118-86fa624308b4,0.33,false,false,near_mint,en,USD,2024-02-16T06:44:16.825Z
Creature Dungeon,binder,Benthic Criminologists,MKM,Murders at Karlov Manor,40,normal,common,1,90736,283b6b5a-acdf-4255-a294-0964d9c62686,0.33,false,false,near_mint,en,USD,2024-02-16T06:44:16.825Z
Creature Dungeon,binder,Bubble Smuggler,MKM,Murders at Karlov Manor,41,normal,common,1,90939,6b863ee0-d9f3-4b1e-993d-5212731d9353,0.33,false,false,near_mint,en,USD,2024-02-16T06:44:16.825Z
Creature Dungeon,binder,Unholy Officiant,VOW,Innistrad: Crimson Vow,41,normal,common,2,64303,8a4c04a4-e68b-4d3d-89c8-29cdaaac36b2,0.33,false,false,near_mint,en,USD,2024-02-16T06:44:16.825Z
Creature Dungeon,binder,Candlestick,MKM,Murders at Karlov Manor,43,normal,uncommon,1,90898,5aeae6fb-3834-4891-924e-3d1fb3e19e09,0.33,false,false,near_mint,en,USD,2024-02-16T06:44:16.825Z
Creature Dungeon,binder,Dreamshackle Geist,VOW,Innistrad: Crimson Vow,58,normal,rare,1,64112,1b81d90b-708a-48c9-a478-e3b0a3d7e982,0.13,false,false,near_mint,en,USD,2024-02-16T06:44:16.825Z
Creature Dungeon,binder,Jaded Analyst,MKM,Murders at Karlov Manor,62,normal,common,1,90735,2807dcfb-d99c-483b-835f-2606eae4bd30,0.33,false,false,near_mint,en,USD,2024-02-16T06:44:16.825Z
Creature Dungeon,binder,Hullbreaker Horror,VOW,Innistrad: Crimson Vow,63,normal,rare,1,64198,4b546bcf-2e86-42af-bf32-81c7fd36ef8c,0.13,false,false,near_mint,en,USD,2024-02-16T06:44:16.825Z
Creature Dungeon,binder,Steamcore Scholar,MKM,Murders at Karlov Manor,71,normal,rare,1,90940,6bbf7394-9b17-45f8-a25b-d865e8452b2c,0.33,false,false,near_mint,en,USD,2024-02-16T06:44:16.825Z
Creature Dungeon,binder,Agency Coroner,MKM,Murders at Karlov Manor,75,normal,common,1,91223,d63f2c23-e877-42e3-9362-5d003a173c6d,0.33,false,false,near_mint,en,USD,2024-02-16T06:44:16.825Z
Creature Dungeon,binder,Stormrider Spirit,MID,Innistrad: Midnight Hunt,79,normal,common,2,63325,81a95edb-9f5b-4e42-8b27-0b3d978dcefe,0.33,false,false,near_mint,en,USD,2024-02-16T06:44:16.825Z
Creature Dungeon,binder,Lead Pipe,MKM,Murders at Karlov Manor,90,normal,uncommon,1,91028,87f69249-c6e4-40c1-9870-b9c45ce24c39,0.33,false,false,near_mint,en,USD,2024-02-16T06:44:16.825Z
Creature Dungeon,binder,Leering Onlooker,MKM,Murders at Karlov Manor,91,normal,uncommon,1,91244,dc687588-9c57-411d-b666-b9699949d48f,0.33,false,false,near_mint,en,USD,2024-02-16T06:44:16.825Z
Creature Dungeon,binder,Wretched Throng,VOW,Innistrad: Crimson Vow,91,normal,common,4,64458,eb3991f0-76b8-4f77-9d67-0e2b11fda750,0.33,false,false,near_mint,en,USD,2024-02-16T06:44:16.825Z
Creature Dungeon,binder,Persuasive Interrogators,MKM,Murders at Karlov Manor,98,normal,uncommon,1,91299,f0713025-581f-451b-97a3-97d891285dcc,0.33,false,false,near_mint,en,USD,2024-02-16T06:44:16.825Z
Creature Dungeon,binder,Polygraph Orb,MKM,Murders at Karlov Manor,99,normal,uncommon,1,91101,a6cc4c6f-4a84-4d42-89fa-7405f7ad6ba0,0.33,false,false,near_mint,en,USD,2024-02-16T06:44:16.825Z
Creature Dungeon,binder,Rot Farm Mortipede,MKM,Murders at Karlov Manor,102,normal,common,1,90617,023b0142-663a-47e7-a9f1-0b565a172b60,0.33,false,false,near_mint,en,USD,2024-02-16T06:44:16.825Z
Creature Dungeon,binder,Slimy Dualleech,MKM,Murders at Karlov Manor,104,normal,uncommon,1,90847,4bc803ad-f8a2-4198-a8a6-8d987b3d00fb,0.33,false,false,near_mint,en,USD,2024-02-16T06:44:16.825Z
Creature Dungeon,binder,Undercity Eliminator,MKM,Murders at Karlov Manor,108,normal,uncommon,1,91100,a67a4c5e-215b-4f03-87f7-c1af4f9f0a63,0.33,false,false,near_mint,en,USD,2024-02-16T06:44:16.825Z
Creature Dungeon,binder,Unscrupulous Agent,MKM,Murders at Karlov Manor,109,normal,common,1,90789,37692f9a-3825-43aa-aacb-1bb92cb5bd07,0.33,false,false,near_mint,en,USD,2024-02-16T06:44:16.825Z
Creature Dungeon,binder,Frantic Scapegoat,MKM,Murders at Karlov Manor,126,normal,uncommon,1,91283,eb81e343-7242-44b1-9ce6-1dddd104f764,0.33,false,false,near_mint,en,USD,2024-02-16T06:44:16.825Z
Creature Dungeon,binder,Innocent Bystander,MKM,Murders at Karlov Manor,133,normal,common,1,90634,085f4595-4ae5-428e-a934-e918774df6fd,0.33,false,false,near_mint,en,USD,2024-02-16T06:44:16.825Z
Creature Dungeon,binder,Lamplight Phoenix,MKM,Murders at Karlov Manor,137,normal,rare,1,90765,2faa0e56-527c-4be5-b8c9-b10ccde275f5,0.33,false,false,near_mint,en,USD,2024-02-16T06:44:16.825Z
Creature Dungeon,binder,Pyrotechnic Performer,MKM,Murders at Karlov Manor,140,foil,rare,1,90666,0fa5671b-2651-4944-a50a-c768ec70229e,0.33,false,false,near_mint,en,USD,2024-02-16T06:44:16.825Z
Creature Dungeon,binder,Red Herring,MKM,Murders at Karlov Manor,142,normal,common,1,90942,6c137a44-9ab6-4e59-8324-34d9dca8f5a6,0.33,false,false,near_mint,en,USD,2024-02-16T06:44:16.825Z
Creature Dungeon,binder,Rubblebelt Braggart,MKM,Murders at Karlov Manor,143,normal,common,1,91322,f90f8691-210a-4bf0-9fc2-fb2efcf057fb,0.33,false,false,near_mint,en,USD,2024-02-16T06:44:16.825Z
Creature Dungeon,binder,Lambholt Harrier,MID,Innistrad: Midnight Hunt,145,normal,common,3,63476,e2a732ca-cd68-465f-8e44-783e1fe34e44,0.33,false,false,near_mint,en,USD,2024-02-16T06:44:16.825Z
Creature Dungeon,binder,Aftermath Analyst,MKM,Murders at Karlov Manor,148,foil,uncommon,1,90686,1c1aa6f8-2d34-4f4b-9184-0eab2e4745f7,0.45,false,false,near_mint,en,USD,2024-02-16T06:44:16.825Z
Creature Dungeon,binder,High-Rise Sawjack,SNC,Streets of New Capenna,150,normal,common,3,67647,2399c6d7-57f9-4100-ad64-3c8897a438f7,0.33,false,false,near_mint,en,USD,2024-02-16T06:44:16.825Z
Creature Dungeon,binder,Mounted Dreadknight,MID,Innistrad: Midnight Hunt,150,normal,common,3,63443,d1814fc8-011f-4cd4-825b-f00ae6ec0fe0,0.33,false,false,near_mint,en,USD,2024-02-16T06:44:16.825Z
Creature Dungeon,binder,Creepy Puppeteer,VOW,Innistrad: Crimson Vow,151,normal,rare,1,64084,0bd17b9f-fd93-47d4-9cc4-cd333d0004f5,0.33,false,false,near_mint,en,USD,2024-02-16T06:44:16.825Z
Creature Dungeon,binder,Topiary Stomper,SNC,Streets of New Capenna,160,normal,rare,1,67864,87bb2699-280f-4e1e-b3f8-73efe6088f31,0.13,false,false,near_mint,en,USD,2024-02-16T06:44:16.825Z
Creature Dungeon,binder,Hedge Whisperer,MKM,Murders at Karlov Manor,165,normal,uncommon,1,90832,4627adcd-ace7-4777-a7e6-fc80ac6b9dfe,0.33,false,false,near_mint,en,USD,2024-02-16T06:44:16.825Z
Creature Dungeon,binder,Thundering Raiju,NEO,Kamigawa: Neon Dynasty,166,foil,rare,1,66834,ec1a2920-6d39-4276-921c-65cc16a45f17,0.13,false,false,near_mint,en,USD,2024-02-16T06:44:16.825Z
Creature Dungeon,binder,Voldaren Stinger,MID,Innistrad: Midnight Hunt,167,normal,common,2,63504,f27a7c78-3a64-42fc-8808-15b1f41976a1,0.33,false,false,near_mint,en,USD,2024-02-16T06:44:16.825Z
Creature Dungeon,binder,Vitu-Ghazi Inspector,MKM,Murders at Karlov Manor,183,normal,common,2,90927,664d15d7-2724-4a9b-b5a7-8042d4b7da7b,0.33,false,false,near_mint,en,USD,2024-02-16T06:44:16.825Z
Creature Dungeon,binder,Ascendant Packleader,VOW,Innistrad: Crimson Vow,186,normal,rare,1,64102,142c5b67-5de9-41da-b57f-7ce771457a3e,0.13,false,false,near_mint,en,USD,2024-02-16T06:44:16.825Z
Creature Dungeon,binder,Crowd-Control Warden,MKM,Murders at Karlov Manor,193,normal,common,1,91215,cdf0578f-4966-4ecd-81e1-83ae13126f13,0.33,false,false,near_mint,en,USD,2024-02-16T06:44:16.825Z
Creature Dungeon,binder,Flourishing Hunter,VOW,Innistrad: Crimson Vow,199,normal,common,2,64140,2abc54df-773d-4f46-b241-e1f42af8ab95,0.33,false,false,near_mint,en,USD,2024-02-16T06:44:16.825Z
Creature Dungeon,binder,Timberland Guide,MID,Innistrad: Midnight Hunt,202,normal,common,4,63290,6b215b6a-82e3-4ce8-b288-d7341761cad0,0.33,false,false,near_mint,en,USD,2024-02-16T06:44:16.825Z
Creature Dungeon,binder,Gadget Technician,MKM,Murders at Karlov Manor,204,normal,common,1,90802,3b489a54-ee43-4962-be7b-16e0e28800e0,0.33,false,false,near_mint,en,USD,2024-02-16T06:44:16.825Z
Creature Dungeon,binder,Granite Witness,MKM,Murders at Karlov Manor,206,normal,common,1,91235,daee9d98-f8c6-4980-8f23-c6c636b69430,0.33,false,false,near_mint,en,USD,2024-02-16T06:44:16.825Z
Creature Dungeon,binder,"Izoni, Center of the Web",MKM,Murders at Karlov Manor,209,normal,rare,1,90963,70ea66cd-587a-4ca9-9ca8-d7d2046bfbed,0.33,false,false,near_mint,en,USD,2024-02-16T06:44:16.825Z
Creature Dungeon,binder,"Judith, Carnage Connoisseur",MKM,Murders at Karlov Manor,210,normal,rare,1,90814,3eaa19ce-cace-499e-8b23-ef9e56b23700,0.45,false,false,near_mint,en,USD,2024-02-16T06:44:16.825Z
Creature Dungeon,binder,Spore Crawler,VOW,Innistrad: Crimson Vow,222,normal,common,3,64242,628dbc4c-3640-44a9-8439-873103989409,0.33,false,false,near_mint,en,USD,2024-02-16T06:44:16.825Z
Creature Dungeon,binder,Riftburst Hellion,MKM,Murders at Karlov Manor,228,normal,common,1,91081,9fae9044-a859-434d-8dc6-4f9d455ca5e1,0.33,false,false,near_mint,en,USD,2024-02-16T06:44:16.825Z
Creature Dungeon,binder,Sanguine Savior,MKM,Murders at Karlov Manor,230,normal,common,1,91073,9cba5503-ba99-43d8-8062-66d905e0d86b,0.33,false,false,near_mint,en,USD,2024-02-16T06:44:16.825Z
Creature Dungeon,binder,Shady Informant,MKM,Murders at Karlov Manor,231,foil,common,1,90659,0de36e63-8190-415f-b65b-bae1e595845d,0.33,false,false,near_mint,en,USD,2024-02-16T06:44:16.825Z
Creature Dungeon,binder,Sumala Sentry,MKM,Murders at Karlov Manor,233,normal,uncommon,1,90803,3b9d4691-59d1-4e97-9b5d-8017788fbcb3,0.33,false,false,near_mint,en,USD,2024-02-16T06:44:16.825Z
Creature Dungeon,binder,Tin Street Gossip,MKM,Murders at Karlov Manor,235,normal,uncommon,1,90819,4094b13f-28d4-48b6-8cce-3c44656745b7,0.33,false,false,near_mint,en,USD,2024-02-16T06:44:16.825Z
Creature Dungeon,binder,Brute Suit,NEO,Kamigawa: Neon Dynasty,241,normal,common,2,66866,363cb43a-e358-4380-a42f-9b095ca522c6,0.33,false,false,near_mint,en,USD,2024-02-16T06:44:16.825Z
Creature Dungeon,binder,Gravestone Strider,MKM,Murders at Karlov Manor,252,normal,common,1,90704,1f952d8d-c089-432c-822a-8ef1e605ae38,0.33,false,false,near_mint,en,USD,2024-02-16T06:44:16.825Z
Creature Dungeon,binder,Sanitation Automaton,MKM,Murders at Karlov Manor,256,normal,common,1,90864,52608ba4-c47d-44e4-b624-dee2a3a42ae2,0.33,false,false,near_mint,en,USD,2024-02-16T06:44:16.825Z
Creature Dungeon,binder,Thinking Cap,MKM,Murders at Karlov Manor,257,normal,common,1,90945,6d2565e1-dd7b-462b-8270-a17913277793,0.33,false,false,near_mint,en,USD,2024-02-16T06:44:16.825Z
Creature Dungeon,binder,Gleaming Geardrake,MKM,Murders at Karlov Manor,205,normal,uncommon,1,91205,cabb5875-42ff-4e3a-a32e-aab392fccff8,0.33,false,false,near_mint,en,USD,2024-02-16T06:44:16.825Z
Creature Dungeon,binder,"Voja, Jaws of the Conclave",MKM,Murders at Karlov Manor,432,foil,mythic,1,91172,bfa1bd2f-25bd-4fbd-877b-cef00ab7f92f,0.45,false,false,near_mint,en,USD,2024-02-16T06:44:16.825Z
Creature Dungeon,binder,Backup Agent,SNC,Streets of New Capenna,2,normal,common,3,67662,2a46af75-3880-4141-b26e-19834d67e7a8,0.33,false,false,near_mint,en,USD,2024-02-16T06:44:16.825Z
Creature Dungeon,binder,Beloved Beggar // Generous Soul,MID,Innistrad: Midnight Hunt,3,normal,uncommon,1,63271,6109b54e-56c5-4014-9f6d-d5f7a0fd725d,0.33,false,false,near_mint,en,USD,2024-02-17T20:36:36.633Z
Creature Dungeon,binder,Tavern Ruffian // Tavern Smasher,MID,Innistrad: Midnight Hunt,163,normal,common,1,63167,1d7b2d05-ce5c-4b73-8fa6-d9b69619d58c,0.33,false,false,near_mint,en,USD,2024-02-17T20:36:36.633Z
Creature Dungeon,binder,Arrogant Outlaw,MID,Innistrad: Midnight Hunt,84,normal,common,1,63229,496a9d45-6197-44b6-b0fc-17aeae281b2f,0.33,false,false,near_mint,en,USD,2024-02-17T20:36:36.633Z
Creature Dungeon,binder,Bat Whisperer,MID,Innistrad: Midnight Hunt,86,normal,common,1,63222,4412c901-0ec8-437a-9d1e-ce318bbe2b03,0.33,false,false,near_mint,en,USD,2024-02-17T20:36:36.633Z
Creature Dungeon,binder,Spellrune Painter // Spellrune Howler,MID,Innistrad: Midnight Hunt,295,normal,uncommon,1,63166,1d4d2aac-84ed-434e-921e-b724e3854cf2,0.33,false,false,near_mint,en,USD,2024-02-17T20:39:28.821Z
Creature Dungeon,binder,Rootcoil Creeper,MID,Innistrad: Midnight Hunt,238,normal,uncommon,1,63201,3743cf9c-226f-43a3-b385-375a25414792,0.33,false,false,near_mint,en,USD,2024-02-17T20:39:28.821Z
Creature Dungeon,binder,Brood Weaver,MID,Innistrad: Midnight Hunt,173,normal,uncommon,1,63473,e24e2f49-70f9-445f-af03-2ef43798004a,0.33,false,false,near_mint,en,USD,2024-02-17T20:39:28.821Z
Creature Dungeon,binder,Bird Admirer // Wing Shredder,MID,Innistrad: Midnight Hunt,169,normal,common,1,63301,71ccc444-54c8-4f7c-a425-82bc3eea1eb0,0.33,false,false,near_mint,en,USD,2024-02-17T20:39:28.821Z
Creature Dungeon,binder,Ritual Guardian,MID,Innistrad: Midnight Hunt,30,normal,common,1,63499,f077f07e-4660-4483-b6ea-16cca0956892,0.33,false,false,near_mint,en,USD,2024-02-17T20:39:28.821Z
Creature Dungeon,binder,Larder Zombie,MID,Innistrad: Midnight Hunt,58,normal,common,1,63386,a7c0dcac-f3d4-4d6e-9c6e-9295bb1cd47f,0.33,false,false,near_mint,en,USD,2024-02-17T20:39:28.821Z
Creature Dungeon,binder,Candlelit Cavalry,MID,Innistrad: Midnight Hunt,175,normal,common,1,63380,a4c3bd60-1ff6-4136-9188-d0620fd299a7,0.33,false,false,near_mint,en,USD,2024-02-17T20:39:28.821Z
Creature Dungeon,binder,Crossroads Candleguide,MID,Innistrad: Midnight Hunt,253,normal,common,1,63262,5cad1524-9e75-47e0-b817-47110634802a,0.33,false,false,near_mint,en,USD,2024-02-17T20:39:28.821Z
Creature Dungeon,binder,Lambholt Harrier,MID,Innistrad: Midnight Hunt,145,normal,common,1,63476,e2a732ca-cd68-465f-8e44-783e1fe34e44,0.33,false,false,near_mint,en,USD,2024-02-17T20:39:28.821Z
Creature Dungeon,binder,Morkrut Behemoth,MID,Innistrad: Midnight Hunt,114,normal,common,1,63190,318fe8a2-a68a-4c7e-9581-ae6800826164,0.33,false,false,near_mint,en,USD,2024-02-17T20:39:28.821Z
Creature Dungeon,binder,Brimstone Vandal,MID,Innistrad: Midnight Hunt,130,normal,common,1,63144,10addf9a-daca-4b84-a9d3-f98f7b955af9,0.33,false,false,near_mint,en,USD,2024-02-17T20:39:28.821Z
Creature Dungeon,binder,Soulcipher Board // Cipherbound Spirit,VOW,Innistrad: Crimson Vow,79,normal,uncommon,1,64162,3c0fae23-1278-499f-9df7-4a29691726b1,0.33,false,false,near_mint,en,USD,2024-02-17T20:43:43.320Z
Creature Dungeon,binder,Stormchaser Drake,VOW,Innistrad: Crimson Vow,82,normal,uncommon,1,64165,3dd5c860-9d27-40d9-af38-aaf40bd52423,0.33,false,false,near_mint,en,USD,2024-02-17T20:43:43.320Z
Creature Dungeon,binder,Weary Prisoner // Wrathful Jailbreaker,VOW,Innistrad: Crimson Vow,184,normal,common,1,64448,e641467b-ac2e-4d29-aed7-5cc227c3b1ce,0.33,false,false,near_mint,en,USD,2024-02-17T20:43:43.320Z
Creature Dungeon,binder,Kessig Flamebreather,VOW,Innistrad: Crimson Vow,164,normal,common,1,64150,303ad78a-b02a-44dc-afe6-7f95781a5062,0.33,false,false,near_mint,en,USD,2024-02-17T20:43:43.320Z
Creature Dungeon,binder,Hungry Ridgewolf,VOW,Innistrad: Crimson Vow,161,normal,common,1,64287,804e0e1d-9c9c-46e6-8533-88e18a91ceff,0.33,false,false,near_mint,en,USD,2024-02-17T20:43:43.320Z
Creature Dungeon,binder,Unhallowed Phalanx,VOW,Innistrad: Crimson Vow,135,normal,common,1,64426,d5ec541b-1799-4c0e-a3fb-c008cf2eb911,0.33,false,false,near_mint,en,USD,2024-02-17T20:43:43.320Z
Creature Dungeon,binder,Blood Servitor,VOW,Innistrad: Crimson Vow,252,normal,common,1,64298,87845cc2-bf5d-491d-bfa2-b33b034557a4,0.33,false,false,near_mint,en,USD,2024-02-17T20:43:43.320Z
Creature Dungeon,binder,Repository Skaab,VOW,Innistrad: Crimson Vow,73,normal,common,1,64282,7cc22c2a-535a-46b5-817c-da5850abd669,0.33,false,false,near_mint,en,USD,2024-02-17T20:43:43.320Z
Creature Dungeon,binder,Foreboding Statue // Forsaken Thresher,VOW,Innistrad: Crimson Vow,256,normal,uncommon,1,64348,a27b9d82-f613-4789-9e8b-f37db5597027,0.33,false,false,near_mint,en,USD,2024-02-17T20:46:23.992Z
Creature Dungeon,binder,Blood Hypnotist,VOW,Innistrad: Crimson Vow,145,normal,uncommon,1,64427,d85e0477-9176-4a3e-badc-f1c1c734e59c,0.33,false,false,near_mint,en,USD,2024-02-17T20:46:23.992Z
Creature Dungeon,binder,Binding Geist // Spectral Binding,VOW,Innistrad: Crimson Vow,48,normal,common,1,64268,730e4629-dc54-415d-9493-88885788ca19,0.33,false,false,near_mint,en,USD,2024-02-17T20:46:23.992Z
Creature Dungeon,binder,Bramble Armor,VOW,Innistrad: Crimson Vow,188,normal,common,1,64469,f3017ae1-9744-493b-a1a2-fb2a60f7e7e4,0.33,false,false,near_mint,en,USD,2024-02-17T20:46:23.992Z
Creature Dungeon,binder,Wedding Invitation,VOW,Innistrad: Crimson Vow,260,normal,common,1,64438,ddc22ff6-4081-47ce-bc8a-e063f5f4d044,0.33,false,false,near_mint,en,USD,2024-02-17T20:46:23.992Z
Creature Dungeon,binder,Parish-Blade Trainee,VOW,Innistrad: Crimson Vow,29,normal,common,1,64329,9845cdf2-e5ba-44a0-8136-72a1eb03a6a1,0.33,false,false,near_mint,en,USD,2024-02-17T20:46:23.992Z
Creature Dungeon,binder,Mindleech Ghoul,VOW,Innistrad: Crimson Vow,122,normal,common,1,64474,f5c4e00d-128a-4ddb-9e1b-3ee93121b262,0.33,false,false,near_mint,en,USD,2024-02-17T20:46:23.992Z
Creature Dungeon,binder,Steelclad Spirit,VOW,Innistrad: Crimson Vow,80,normal,common,1,64222,55fb1426-5a6f-48dd-938b-c64b1a28ee59,0.33,false,false,near_mint,en,USD,2024-02-17T20:46:23.992Z
Creature Dungeon,binder,Heron-Blessed Geist,VOW,Innistrad: Crimson Vow,19,normal,common,1,64293,83bacf4a-4e99-4008-97e4-3a82dddd4e45,0.33,false,false,near_mint,en,USD,2024-02-17T20:46:23.992Z
Creature Dungeon,binder,Vampire Nighthawk,VOC,Crimson Vow Commander,140,normal,uncommon,1,64514,301ff69c-2590-45af-893b-7ac0285e450b,0.33,false,false,near_mint,en,USD,2024-02-17T21:08:53.831Z
Creature Dungeon,binder,Arcane Signet,VOC,Crimson Vow Commander,159,normal,common,1,64532,46f17b66-2484-49f4-80db-408bfda95aa9,0.33,false,false,near_mint,en,USD,2024-02-17T21:08:53.831Z
Creature Dungeon,binder,"Kamber, the Plunderer",VOC,Crimson Vow Commander,19,normal,rare,1,64627,c2e932f7-1a72-44e7-89f7-b853eada74f0,0.33,false,false,near_mint,en,USD,2024-02-17T21:08:53.831Z
Creature Dungeon,binder,"Laurine, the Diversion",VOC,Crimson Vow Commander,25,normal,rare,1,64588,909b3afa-a836-4b8a-9ceb-67559fe42420,0.33,false,false,near_mint,en,USD,2024-02-17T21:08:53.831Z
Creature Dungeon,binder,Markov Enforcer,VOC,Crimson Vow Commander,26,normal,rare,1,64546,597bc4ae-335d-4d1d-8a57-530291abc540,0.33,false,false,near_mint,en,USD,2024-02-17T21:08:53.831Z
Creature Dungeon,binder,Scion of Opulence,VOC,Crimson Vow Commander,28,normal,rare,1,64643,dc0296ec-0401-49c6-82c3-9d7e8aa5ee25,0.33,false,false,near_mint,en,USD,2024-02-17T21:08:53.831Z
Creature Dungeon,binder,Anje's Ravager,VOC,Crimson Vow Commander,141,normal,rare,1,64526,4230560e-51b2-459d-86b9-8509a8b5b99d,0.33,false,false,near_mint,en,USD,2024-02-17T21:08:53.831Z
Creature Dungeon,binder,Crimson Honor Guard,VOC,Crimson Vow Commander,145,normal,rare,1,64572,7ac7b366-a967-4efb-9254-a4ec423d63a7,0.33,false,false,near_mint,en,USD,2024-02-17T21:08:53.831Z
Creature Dungeon,binder,Bloodlord of Vaasgoth,VOC,Crimson Vow Commander,121,normal,mythic,1,64539,510c65ea-7c9f-461f-b038-ef119db1ca30,0.33,false,false,near_mint,en,USD,2024-02-17T21:13:38.637Z
Creature Dungeon,binder,Novice Inspector,MKM,Murders at Karlov Manor,29,normal,common,1,90643,0ad38866-fc5f-4f62-89c1-afc0f50765aa,0.33,false,false,near_mint,en,USD,2024-02-17T22:29:08.797Z
Creature Dungeon,binder,Bubble Smuggler,MKM,Murders at Karlov Manor,41,normal,common,2,90939,6b863ee0-d9f3-4b1e-993d-5212731d9353,0.33,false,false,near_mint,en,USD,2024-02-17T22:29:08.797Z
Creature Dungeon,binder,Gearbane Orangutan,MKM,Murders at Karlov Manor,129,normal,common,1,90933,6900a344-a155-4ee1-a3ac-d6c28e024270,0.33,false,false,near_mint,en,USD,2024-02-17T22:29:08.797Z
Creature Dungeon,binder,Undercover Crocodelf,MKM,Murders at Karlov Manor,239,normal,common,1,90902,5bc669c8-6f39-4d52-82d3-a4005d41c8a5,0.33,false,false,near_mint,en,USD,2024-02-17T22:29:08.797Z
Creature Dungeon,binder,Undercity Eliminator,MKM,Murders at Karlov Manor,108,normal,uncommon,1,91100,a67a4c5e-215b-4f03-87f7-c1af4f9f0a63,0.33,false,false,near_mint,en,USD,2024-02-17T22:29:08.797Z
Creature Dungeon,binder,"Tolsimir, Midnight's Light",MKM,Murders at Karlov Manor,371,normal,rare,1,91035,8acaae58-93b5-4544-84cc-98e134edb738,0.33,false,false,near_mint,en,USD,2024-02-17T22:29:08.797Z
Creature Dungeon,binder,Loxodon Eavesdropper,MKM,Murders at Karlov Manor,168,normal,common,1,91158,bbbf8c3a-6c74-42fd-bb8d-61e3f0a77848,0.33,false,false,near_mint,en,USD,2024-02-17T22:29:08.797Z
Creature Dungeon,binder,Haazda Vigilante,MKM,Murders at Karlov Manor,18,normal,common,1,90866,5277fe72-dc33-4d19-a439-63b5344c6034,0.33,false,false,near_mint,en,USD,2024-02-17T22:29:08.797Z
Creature Dungeon,binder,Projektor Inspector,MKM,Murders at Karlov Manor,68,normal,common,1,91120,ad378843-e2b0-48d6-90dc-b584e857473d,0.33,false,false,near_mint,en,USD,2024-02-17T22:29:08.797Z
Creature Dungeon,binder,Agency Coroner,MKM,Murders at Karlov Manor,75,normal,common,1,91223,d63f2c23-e877-42e3-9362-5d003a173c6d,0.33,false,false,near_mint,en,USD,2024-02-17T22:29:08.797Z
Creature Dungeon,binder,Tin Street Gossip,MKM,Murders at Karlov Manor,235,normal,uncommon,1,90819,4094b13f-28d4-48b6-8cce-3c44656745b7,0.33,false,false,near_mint,en,USD,2024-02-17T22:29:08.797Z
Creature Dungeon,binder,Slimy Dualleech,MKM,Murders at Karlov Manor,104,normal,uncommon,1,90847,4bc803ad-f8a2-4198-a8a6-8d987b3d00fb,0.33,false,false,near_mint,en,USD,2024-02-17T22:29:08.797Z
Creature Dungeon,binder,Absolving Lammasu,MKM,Murders at Karlov Manor,2,foil,uncommon,1,91163,bd6e71a1-713e-4eca-bd65-9f0638c16794,0.33,false,false,near_mint,en,USD,2024-02-17T22:29:08.797Z
Creature Dungeon,binder,Seasoned Consultant,MKM,Murders at Karlov Manor,33,normal,common,1,91175,c0ebfe5d-8819-495d-bf72-b9c28c6fd23e,0.33,false,false,near_mint,en,USD,2024-02-17T22:29:08.797Z
Creature Dungeon,binder,Granite Witness,MKM,Murders at Karlov Manor,206,normal,common,1,91235,daee9d98-f8c6-4980-8f23-c6c636b69430,0.33,false,false,near_mint,en,USD,2024-02-17T22:29:08.797Z
Creature Dungeon,binder,Red Herring,MKM,Murders at Karlov Manor,142,normal,common,1,90942,6c137a44-9ab6-4e59-8324-34d9dca8f5a6,0.33,false,false,near_mint,en,USD,2024-02-17T22:29:08.797Z
Creature Dungeon,binder,Rakish Scoundrel,MKM,Murders at Karlov Manor,225,normal,common,2,90937,6aaa8c6b-7ef7-45db-99c9-4a6e7f177b94,0.33,false,false,near_mint,en,USD,2024-02-17T22:29:08.797Z
Creature Dungeon,binder,Sumala Sentry,MKM,Murders at Karlov Manor,233,normal,uncommon,1,90803,3b9d4691-59d1-4e97-9b5d-8017788fbcb3,0.33,false,false,near_mint,en,USD,2024-02-17T22:29:08.797Z
Creature Dungeon,binder,Doorkeeper Thrull,MKM,Murders at Karlov Manor,13,normal,rare,1,91007,80a1cd28-d2a5-4d1a-aa03-a6a5958ae432,0.33,false,false,near_mint,en,USD,2024-02-17T22:29:08.797Z
Creature Dungeon,binder,Defenestrated Phantom,MKM,Murders at Karlov Manor,11,foil,common,1,91037,8b284304-c3bf-4413-9fd3-b44eb4eb642a,0.33,false,false,near_mint,en,USD,2024-02-17T22:29:08.797Z
Creature Dungeon,binder,Vengeful Creeper,MKM,Murders at Karlov Manor,182,normal,common,1,90987,7a914416-effd-4eda-b609-2773c53a08ec,0.33,false,false,near_mint,en,USD,2024-02-17T22:29:08.797Z
Creature Dungeon,binder,Gadget Technician,MKM,Murders at Karlov Manor,204,normal,common,1,90802,3b489a54-ee43-4962-be7b-16e0e28800e0,0.33,false,false,near_mint,en,USD,2024-02-17T22:29:08.797Z
Creature Dungeon,binder,Hotshot Investigators,MKM,Murders at Karlov Manor,60,normal,common,1,91046,8dc3b23b-04d6-4ac0-b698-596ea90b7781,0.33,false,false,near_mint,en,USD,2024-02-17T22:29:08.797Z
Creature Dungeon,binder,Rubblebelt Braggart,MKM,Murders at Karlov Manor,143,normal,common,1,91322,f90f8691-210a-4bf0-9fc2-fb2efcf057fb,0.33,false,false,near_mint,en,USD,2024-02-17T22:29:08.797Z
Creature Dungeon,binder,Rot Farm Mortipede,MKM,Murders at Karlov Manor,102,normal,common,1,90617,023b0142-663a-47e7-a9f1-0b565a172b60,0.33,false,false,near_mint,en,USD,2024-02-17T22:29:08.797Z
Creature Dungeon,binder,Thinking Cap,MKM,Murders at Karlov Manor,257,normal,common,1,90945,6d2565e1-dd7b-462b-8270-a17913277793,0.33,false,false,near_mint,en,USD,2024-02-17T22:29:08.797Z
Creature Dungeon,binder,Coveted Falcon,MKM,Murders at Karlov Manor,48,normal,rare,1,91160,bc936987-d58b-4e7c-870f-379bcae77727,0.33,false,false,near_mint,en,USD,2024-02-17T22:29:08.797Z
Creature Dungeon,binder,Culvert Ambusher,MKM,Murders at Karlov Manor,158,foil,uncommon,1,90756,2ccdc58b-1e7e-402c-88f9-c789ff1dae31,0.33,false,false,near_mint,en,USD,2024-02-17T22:29:08.797Z
Creature Dungeon,binder,Axebane Ferox,MKM,Murders at Karlov Manor,428,foil,rare,1,90808,3ddd5e33-5a58-4321-8742-236d6cc6f4f4,,false,false,near_mint,en,USD,2024-02-17T22:29:08.797Z
Creature Dungeon,binder,Lead Pipe,MKM,Murders at Karlov Manor,90,normal,uncommon,2,91028,87f69249-c6e4-40c1-9870-b9c45ce24c39,0.33,false,false,near_mint,en,USD,2024-02-17T22:29:08.797Z
Creature Dungeon,binder,Rubblebelt Maverick,MKM,Murders at Karlov Manor,174,normal,common,1,91011,81c7ff67-b9e1-4d2e-b1ae-da9b946da00b,0.33,false,false,near_mint,en,USD,2024-02-17T22:33:59.154Z
Creature Dungeon,binder,Griffnaut Tracker,MKM,Murders at Karlov Manor,17,normal,common,2,91061,95f5d048-226f-49a4-a2ce-a6fa99aa9e8a,0.33,false,false,near_mint,en,USD,2024-02-17T22:33:59.154Z
Creature Dungeon,binder,Jaded Analyst,MKM,Murders at Karlov Manor,62,normal,common,1,90735,2807dcfb-d99c-483b-835f-2606eae4bd30,0.33,false,false,near_mint,en,USD,2024-02-17T22:33:59.154Z
Creature Dungeon,binder,Sanguine Savior,MKM,Murders at Karlov Manor,230,normal,common,1,91073,9cba5503-ba99-43d8-8062-66d905e0d86b,0.33,false,false,near_mint,en,USD,2024-02-17T22:33:59.154Z
Creature Dungeon,binder,Snarling Gorehound,MKM,Murders at Karlov Manor,105,normal,common,2,91055,93ab3e11-8584-406f-b9ae-9e1df4396cbc,0.33,false,false,near_mint,en,USD,2024-02-17T22:33:59.154Z
Creature Dungeon,binder,Festerleech,MKM,Murders at Karlov Manor,85,normal,uncommon,1,91017,83a6fa37-8351-403b-ae05-b67e9bf74bbb,0.33,false,false,near_mint,en,USD,2024-02-17T22:33:59.154Z
Creature Dungeon,binder,Cornered Crook,MKM,Murders at Karlov Manor,120,normal,uncommon,1,91092,a3aff1ea-1d25-49c3-a2d9-f435124a5969,0.33,false,false,near_mint,en,USD,2024-02-17T22:33:59.154Z
Creature Dungeon,binder,Riftburst Hellion,MKM,Murders at Karlov Manor,228,foil,common,1,91081,9fae9044-a859-434d-8dc6-4f9d455ca5e1,0.33,false,false,near_mint,en,USD,2024-02-17T22:33:59.154Z
Creature Dungeon,binder,Unscrupulous Agent,MKM,Murders at Karlov Manor,109,normal,common,1,90789,37692f9a-3825-43aa-aacb-1bb92cb5bd07,0.33,false,false,near_mint,en,USD,2024-02-17T22:41:18.874Z
Creature Dungeon,binder,Cold Case Cracker,MKM,Murders at Karlov Manor,46,normal,common,1,91300,f082111b-9b1c-4a25-8c5d-d6ef77533a9b,0.33,false,false,near_mint,en,USD,2024-02-17T22:41:18.874Z
